
@Article{	  a,
  owner		= {jennifer},
  timestamp	= {2017.04.26}
}

@InProceedings{	  abadi1999,
  author	= {Abadi, Mart\'{\i}n and Banerjee, Anindya and Heintze,
		  Nevin and Riecke, Jon G.},
  title		= {A Core Calculus of Dependency},
  booktitle	= {Proceedings of the 26th ACM SIGPLAN-SIGACT Symposium on
		  Principles of Programming Languages},
  year		= {1999},
  series	= {POPL '99},
  pages		= {147--160},
  address	= {New York, NY, USA},
  publisher	= {ACM},
  acmid		= {292555},
  doi		= {10.1145/292540.292555},
  location	= {San Antonio, Texas, USA},
  numpages	= {14}
}

@InCollection{	  abbott2003,
  author	= {Abbott, Michael and Altenkirch, Thorsten and Ghani, Neil
		  and McBride, Conor},
  title		= {Derivatives of Containers},
  booktitle	= {Typed Lambda Calculi and Applications},
  publisher	= {Springer Berlin Heidelberg},
  year		= {2003},
  editor	= {Hofmann, Martin},
  volume	= {2701},
  series	= {Lecture Notes in Computer Science},
  pages		= {16-30},
  doi		= {10.1007/3-540-44904-3\_2},
  language	= {English}
}

@InProceedings{	  adams2010,
  author	= {Adams, Michael D.},
  title		= {Scrap Your Zippers: A Generic Zipper for Heterogeneous
		  Types},
  booktitle	= {Proceedings of the 6th ACM SIGPLAN Workshop on Generic
		  Programming},
  year		= {2010},
  series	= {WGP '10},
  pages		= {13--24},
  address	= {New York, NY, USA},
  publisher	= {ACM},
  doi		= {10.1145/1863495.1863499},
  location	= {Baltimore, Maryland, USA},
  numpages	= {12}
}

@Article{	  ahmad2010,
  author	= {Ahmad, Arbob and Licata, Daniel R and Harper, Robert},
  title		= {Deciding coproduct equality with focusing},
  year		= {2010}
}

@Article{	  ahmed2015,
  author	= {Ahmed, Amal and Ball, Thomas and Bodik, Rastislav and
		  Krishnamurthi, Shriram and Lerner, Benjamin S and
		  Morrisett, Greg},
  title		= {Verified Compilers for a Multi-Language World},
  journal	= {1st Summit on Advances in Programming Languages (SNAPL
		  2015)},
  year		= {2015},
  volume	= {32},
  pages		= {15--31},
  publisher	= {Schloss Dagstuhl--Leibniz-Zentrum fuer Informatik}
}

@InProceedings{	  altenkirch2005,
  author	= {T. Altenkirch and J. Grattage},
  title		= {A functional quantum programming language},
  booktitle	= {20th Annual IEEE Symposium on Logic in Computer Science
		  (LICS' 05)},
  year		= {2005},
  pages		= {249-258},
  month		= {June},
  doi		= {10.1109/LICS.2005.1}
}

@Article{	  altenkirch2007,
  author	= {Altenkirch, Thorsten and Grattage, Jonathan and Vizzotto,
		  Juliana K. and Sabry, Amr},
  title		= {An Algebra of Pure Quantum Programming},
  journal	= {Electronic Notes in Theoretical Computer Science},
  year		= {2007},
  volume	= {170},
  pages		= {23-47},
  number	= {Complete},
  affiliation	= {The University of Nottingham, UK; Federal University of
		  Rio Grande do Sul, Brazil; Indiana University, USA},
  doi		= {10.1016/j.entcs.2006.12.010},
  keywords	= {Denotational semantics; completeness; normalisation},
  language	= {English}
}

@InBook{	  altenkirch2009,
  pages		= {173–205},
  title		= {The Quantum IO Monad},
  publisher	= {Cambridge University Press},
  year		= {2009},
  editor	= {Gay, Simon and Mackie, IanEditors},
  author	= {Altenkirch, Thorsten and Green, Alexander S.},
  month		= {Nov},
  booktitle	= {Semantic Techniques in Quantum Computation:},
  doi		= {10.1017/CBO9781139193313.006},
  place		= {Cambridge}
}

@InCollection{	  altenkirch2010,
  author	= {Altenkirch, Thorsten and Levy, Paul and Staton, Sam},
  title		= {Higher-order containers},
  booktitle	= {Programs, Proofs, Processes},
  publisher	= {Springer},
  year		= {2010},
  pages		= {11--20}
}

@InProceedings{	  amani2016,
  author	= {Amani, Sidney and Hixon, Alex and Chen, Zilin and
		  Rizkallah, Christine and Chubb, Peter and O'Connor, Liam
		  and Beeren, Joel and Nagashima, Yutaka and Lim, Japheth and
		  Sewell, Thomas and Tuong, Joseph and Keller, Gabriele and
		  Murray, Toby and Klein, Gerwin and Heiser, Gernot},
  title		= {Cogent: Verifying High-Assurance File System
		  Implementations},
  booktitle	= {Proceedings of the Twenty-First International Conference
		  on Architectural Support for Programming Languages and
		  Operating Systems},
  year		= {2016},
  series	= {ASPLOS '16},
  pages		= {175--188},
  address	= {New York, NY, USA},
  publisher	= {ACM},
  location	= {Atlanta, Georgia, USA},
  numpages	= {14}
}

@TechReport{	  amy2016,
  author	= {Matthew Amy and Martin Roetteler and Krysta M. Svore},
  title		= {Verified compilation of space-efficient reversible
		  circuits},
  institution	= {Microsoft Research},
  year		= {2016},
  number	= {MSR-TR-2016-22},
  month		= {March},
  url		= {https://www.microsoft.com/en-us/research/publication/verified-compilation-of-space-efficient-reversible-circuits/}
		  
}

@Article{	  andreoli1992,
  author	= {Andreoli, Jean-Marc},
  title		= {Logic Programming with Focusing Proofs in Linear Logic},
  journal	= {Journal of Logic and Computation},
  year		= {1992},
  volume	= {2},
  pages		= {297-347},
  number	= {3},
  doi		= {10.1093/logcom/2.3.297}
}

@InCollection{	  ariola2003,
  author	= {Ariola, ZenaM. and Herbelin, Hugo},
  title		= {Minimal Classical Logic and Control Operators},
  booktitle	= {Automata, Languages and Programming},
  publisher	= {Springer Berlin Heidelberg},
  year		= {2003},
  editor	= {Baeten, JosC.M. and Lenstra, JanKarel and Parrow, Joachim
		  and Woeginger, GerhardJ.},
  volume	= {2719},
  series	= {Lecture Notes in Computer Science},
  pages		= {871-885},
  doi		= {10.1007/3-540-45061-0_68},
  language	= {English}
}

@Article{	  ariola2004,
  author	= {Ariola, Zena M. and Herbelin, Hugo and Sabry, Amr},
  title		= {A Type-theoretic Foundation of Continuations and Prompts},
  journal	= {SIGPLAN Not.},
  year		= {2004},
  volume	= {39},
  pages		= {40--53},
  number	= {9},
  month		= {\#sep\#},
  acmid		= {1016860},
  address	= {New York, NY, USA},
  doi		= {10.1145/1016848.1016860},
  issn		= {0362-1340},
  issue_date	= {September 2004},
  keywords	= {callcc, continuation, monad, prompt, reset, shift,
		  subcontinuation, subtraction},
  numpages	= {14},
  publisher	= {ACM}
}

@InCollection{	  ariola2011,
  author	= {Ariola, Zena M and Herbelin, Hugo and Saurin, Alexis and
		  Ariola, Zena M. and Herbelin, Hugo and Saurin, Alexis},
  title		= {Classical call-by-need and duality},
  booktitle	= {Typed Lambda Calculi and Applications},
  publisher	= {Springer Berlin Heidelberg},
  year		= {2011},
  editor	= {Ong, Luke},
  volume	= {6690},
  series	= {Lecture Notes in Computer Science},
  pages		= {27-44},
  doi		= {10.1007/978-3-642-21691-6_6}
}

@PhDThesis{	  assaf2015,
  author	= {Assaf, Ali},
  title		= {A framework for defining computational higher-order
		  logics},
  school	= {McGill University, Canada},
  year		= {2015}
}

@InProceedings{	  badescu2015,
  author	= {Costin Badescu and Prakash Panangaden},
  title		= {Quantum Alternation: Prospects and Problems},
  booktitle	= {Proceedings 12th International Workshop on Quantum Physics
		  and Logic, {QPL} 2015, Oxford, UK, July 15-17, 2015.},
  year		= {2015},
  pages		= {33--42},
  crossref	= {DBLP:journals/corr/HeunenSV15},
  doi		= {10.4204/EPTCS.195.3}
}

@InCollection{	  bakel2005,
  author	= {van Bakel, Steffen and Lengrand, Stéphane and Lescanne,
		  Pierre},
  title		= {The Language χ: Circuits, Computations and Classical
		  Logic},
  booktitle	= {Theoretical Computer Science},
  publisher	= {Springer Berlin Heidelberg},
  year		= {2005},
  editor	= {Coppo, Mario and Lodi, Elena and Pinna, G.Michele},
  volume	= {3701},
  series	= {Lecture Notes in Computer Science},
  pages		= {81-96},
  doi		= {10.1007/11560586_8},
  language	= {English}
}

@TechReport{	  barber1996,
  author	= {Barber, Andrew},
  title		= {Dual intuitionistic linear logic},
  year		= {1996},
  number	= {ECS-LFCS-96-347},
  publisher	= {University of Edinburgh, Department of Computer Science,
		  Laboratory for Foundations of Computer Science}
}

@InProceedings{	  barendsen1993,
  author	= {Barendsen, Erik and Smetsers, Sjaak},
  title		= {Conventional and uniqueness typing in graph rewrite
		  systems},
  booktitle	= {Proceedings of the 13th Conference of Foundations of
		  Software Technology and Theoretical Computer Science},
  year		= {1993},
  editor	= {Shyamasundar, Rudrapatna K.},
  pages		= {41--51},
  address	= {Berlin, Heidelberg},
  month		= {December},
  publisher	= {Springer Berlin Heidelberg},
  doi		= {10.1007/3-540-57529-4_42},
  location	= {Bombay, India}
}

@Book{		  barr1990,
  title		= {Category theory for computing science},
  publisher	= {Prentice Hall New York},
  year		= {1990},
  author	= {Barr, Michael and Wells, Charles},
  volume	= {49}
}

@Article{	  barr1991,
  author	= {Michael Barr},
  title		= {*-Autonomous categories and linear logic},
  journal	= {Mathematical Structures in Computer Science},
  year		= {1991},
  volume	= {1},
  pages		= {159},
  number	= {02},
  month		= {July},
  doi		= {10.1017/s0960129500001274},
  publisher	= {Cambridge University Press ({CUP})}
}

@Article{	  beffara2006,
  author	= {Emmanuel Beffara},
  title		= {A Concurrent Model for Linear Logic},
  journal	= {Electronic Notes in Theoretical Computer Science},
  year		= {2006},
  volume	= {155},
  pages		= {147--168},
  month		= {May},
  doi		= {10.1016/j.entcs.2005.11.055},
  publisher	= {Elsevier {BV}}
}

@Article{	  bellin1994,
  author	= {G. Bellin and P.J. Scott},
  title		= {On the $\pi$-calculus and linear logic},
  journal	= {Theoretical Computer Science},
  year		= {1994},
  volume	= {135},
  pages		= {11--65},
  number	= {1},
  doi		= {10.1016/0304-3975(94)00104-9}
}

@InCollection{	  benton1993,
  author	= {Benton, Nick and Bierman, Gavin and de Paiva, Valeria and
		  Hyland, Martin},
  title		= {A term calculus for Intuitionistic Linear Logic},
  booktitle	= {Typed Lambda Calculi and Applications},
  publisher	= {Springer Berlin Heidelberg},
  year		= {1993},
  editor	= {Bezem, Marc and Groote, JanFriso},
  volume	= {664},
  series	= {Lecture Notes in Computer Science},
  pages		= {75-90},
  doi		= {10.1007/BFb0037099},
  language	= {English}
}

@InCollection{	  benton1995,
  author	= {Benton, Nick},
  title		= {A mixed linear and non-linear logic: Proofs, terms and
		  models},
  booktitle	= {Computer Science Logic},
  publisher	= {Springer Berlin Heidelberg},
  year		= {1995},
  editor	= {Pacholski, Leszek and Tiuryn, Jerzy},
  volume	= {933},
  series	= {Lecture Notes in Computer Science},
  pages		= {121-135},
  doi		= {10.1007/BFb0022251},
  language	= {English}
}

@InProceedings{	  benton1996,
  author	= {Nick Benton and Philip Wadler},
  title		= {Linear logic, monads and the lambda calculus},
  booktitle	= {Proceedings of the Eleventh Annual {IEEE} Symposium on
		  Logic in Computer Science, 1996. LICS '96.},
  year		= {1996},
  pages		= {420-431},
  month		= {Jul},
  doi		= {10.1109/LICS.1996.561458}
}

@InCollection{	  benton2002,
  author	= {Benton, Nick and Hughes, John and Moggi, Eugenio and
		  Benton, Nick and Hughes, John and Moggi, Eugenio},
  title		= {Monads and effects},
  booktitle	= {Applied Semantics},
  publisher	= {Springer Berlin Heidelberg},
  year		= {2002},
  editor	= {Barthe, Gilles and Dybjer, Peter and Pinto, Luís and
		  Saraiva, João},
  volume	= {2395},
  series	= {Lecture Notes in Computer Science},
  pages		= {42-122},
  doi		= {10.1007/3-540-45699-6_2},
  language	= {English}
}

@Article{	  bernardy2014,
  author	= {Bernardy, Jean-Philippe and Svenningsson, Josef},
  title		= {Controlled Array Fusion Using Linear Types},
  year		= {2014}
}

@Unpublished{	  bernardy2014a,
  author	= {Bernardy, Jean-Philippe and Rosén, Dan and Smallbone,
		  Nicholas},
  title		= {Compiling Linear Logic using Continuations},
  year		= {2014}
}

@Unpublished{	  bernardy2017,
  author	= {Jean-Philippe Bernardy and Mathieu Boespflug and Ryan R.
		  Newton and Simon Peyton Jones and Arnaud Spiwack},
  title		= {Retrofitting Linear Types},
  year		= {2017},
  url		= {https://www.microsoft.com/en-us/research/wp-content/uploads/2017/03/haskell-linear-submitted.pdf}
		  
}

@PhDThesis{	  bierman1994,
  author	= {Bierman, Gavin Mark},
  title		= {On intuitionistic linear logic},
  school	= {University of Cambridge, Computer Laboratory},
  year		= {1994}
}

@InCollection{	  bierman1995,
  author	= {Bierman, G.M.},
  title		= {What is a categorical model of Intuitionistic Linear
		  Logic?},
  booktitle	= {Typed Lambda Calculi and Applications},
  publisher	= {Springer Berlin Heidelberg},
  year		= {1995},
  editor	= {Dezani-Ciancaglini, Mariangiola and Plotkin, Gordon},
  volume	= {902},
  series	= {Lecture Notes in Computer Science},
  pages		= {78-93},
  doi		= {10.1007/BFb0014046}
}

@Book{		  bierman1998,
  title		= {A computational interpretation of the
		  $\lambda$$\mu$-calculus},
  publisher	= {Springer},
  year		= {1998},
  author	= {Bierman, Gavin M}
}

@Article{	  birkhoff1937,
  author	= {Birkhoff, Garrett},
  title		= {Rings of sets},
  journal	= {Duke Mathematical Journal},
  year		= {1937},
  volume	= {3},
  pages		= {443--454},
  number	= {3},
  publisher	= {Duke University Press}
}

@InProceedings{	  brady2011,
  author	= {Brady, Edwin C.},
  title		= {IDRIS ---: Systems Programming Meets Full Dependent
		  Types},
  booktitle	= {Proceedings of the 5th ACM Workshop on Programming
		  Languages Meets Program Verification},
  year		= {2011},
  series	= {PLPV '11},
  pages		= {43--54},
  address	= {New York, NY, USA},
  publisher	= {ACM},
  doi		= {10.1145/1929529.1929536},
  location	= {Austin, Texas, USA},
  numpages	= {12}
}

@Article{	  bruijn1972,
  author	= {N.G de Bruijn},
  title		= {Lambda calculus notation with nameless dummies, a tool for
		  automatic formula manipulation, with application to the
		  Church-Rosser theorem},
  journal	= {Indagationes Mathematicae (Proceedings)},
  year		= {1972},
  volume	= {75},
  pages		= {381 - 392},
  number	= {5},
  doi		= {10.1016/1385-7258(72)90034-0}
}

@InCollection{	  caires2010,
  author	= {Caires, Lu{\'i}s and Pfenning, Frank},
  title		= {Session Types as Intuitionistic Linear Propositions},
  booktitle	= {CONCUR 2010 - Concurrency Theory},
  publisher	= {Springer Berlin Heidelberg},
  year		= {2010},
  editor	= {Gastin, Paul and Laroussinie, François},
  volume	= {6269},
  series	= {Lecture Notes in Computer Science},
  pages		= {222-236},
  doi		= {10.1007/978-3-642-15375-4\_16},
  language	= {English}
}

@InProceedings{	  carlsson1993,
  author	= {Carlsson, Magnus and Hallgren, Thomas},
  title		= {Fudgets: A graphical user interface in a lazy functional
		  language},
  booktitle	= {Proceedings of the conference on Functional programming
		  languages and computer architecture},
  year		= {1993},
  pages		= {321--330},
  organization	= {ACM}
}

@InProceedings{	  cervesato1996,
  author	= {I. Cervesato and F. Pfenning},
  title		= {A linear logical framework},
  booktitle	= {Proceedings 11th Annual IEEE Symposium on Logic in
		  Computer Science},
  year		= {1996},
  pages		= {264-275},
  month		= {Jul},
  doi		= {10.1109/LICS.1996.561339}
}

@Article{	  chang2003,
  author	= {Chang, Bor-Yuh Evan and Chaudhuri, Kaustuv and Pfenning,
		  Frank},
  title		= {A judgmental analysis of linear logic},
  year		= {2003}
}

@InProceedings{	  chaudhuri2008,
  author	= {Chaudhuri, Kaustuv and Miller, Dale and Saurin, Alexis and
		  Chaudhuri, Kaustuv and Miller, Dale and Saurin, Alexis},
  title		= {Canonical sequent proofs via multi-focusing},
  booktitle	= {Fifth Ifip International Conference On Theoretical
		  Computer Science--Tcs 2008},
  year		= {2008},
  editor	= {Ausiello, Giorgio and Karhumäki, Juhani and Mauri,
		  Giancarlo and Ong, Luke},
  volume	= {273},
  series	= {IFIP International Federation for Information Processing},
  pages		= {383--396},
  organization	= {Springer},
  publisher	= {Springer US},
  doi		= {10.1007/978-0-387-09680-3_26},
  language	= {English}
}

@Article{	  chaudhuri2009,
  author	= {Chaudhuri, Avik},
  title		= {A Concurrent ML Library in Concurrent Haskell},
  journal	= {SIGPLAN Not.},
  year		= {2009},
  volume	= {44},
  pages		= {269--280},
  number	= {9},
  month		= {\#aug\#},
  address	= {New York, NY, USA},
  doi		= {10.1145/1631687.1596589},
  issue_date	= {September 2009},
  numpages	= {12},
  publisher	= {ACM}
}

@InProceedings{	  chen1997,
  author	= {Chih-Ping Chen and Paul Hudak},
  title		= {Rolling your own mutable {ADT}---a connection between
		  linear types and monads},
  booktitle	= {Proceedings of the 24th {ACM} {SIGPLAN}-{SIGACT} symposium
		  on Principles of programming languages - {POPL} '97},
  year		= {1997},
  publisher	= {Association for Computing Machinery ({ACM})},
  doi		= {10.1145/263699.263708}
}

@InCollection{	  chiribella2016,
  author	= {Chiribella, Giulio and D’Ariano, GiacomoMauro and
		  Perinotti, Paolo},
  title		= {Quantum from Principles},
  booktitle	= {Quantum Theory: Informational Foundations and Foils},
  publisher	= {Springer Netherlands},
  year		= {2016},
  editor	= {Chiribella, Giulio and Spekkens, Robert W.},
  volume	= {181},
  series	= {Fundamental Theories of Physics},
  pages		= {171-221},
  doi		= {10.1007/978-94-017-7303-4\_6},
  language	= {English}
}

@Book{		  chlipala2013,
  title		= {Certified Programming with Dependent Types: A Pragmatic
		  Introduction to the Coq Proof Assistant},
  publisher	= {The MIT Press},
  year		= {2013},
  author	= {Adam Chlipala}
}

@Misc{		  cianfrocca2006,
  author	= {Francis Cianfrocca},
  title		= {About EventMachine},
  howpublished	= {website},
  year		= {2006},
  url		= {http://www.rubydoc.info/gems/eventmachine}
}

@Article{	  claessen1999,
  author	= {Claessen,Koen},
  title		= {A poor man's concurrency monad},
  journal	= {Journal of Functional Programming},
  year		= {1999},
  volume	= {9},
  pages		= {313--323},
  issue		= {03},
  numpages	= {11}
}

@InProceedings{	  clarke1998,
  author	= {Clarke, David G. and Potter, John M. and Noble, James},
  title		= {Ownership Types for Flexible Alias Protection},
  booktitle	= {Proceedings of the 13th ACM SIGPLAN Conference on
		  Object-oriented Programming, Systems, Languages, and
		  Applications},
  year		= {1998},
  series	= {OOPSLA '98},
  pages		= {48--64},
  address	= {New York, NY, USA},
  publisher	= {ACM},
  doi		= {10.1145/286936.286947},
  location	= {Vancouver, British Columbia, Canada},
  numpages	= {17}
}

@Article{	  cockett1997,
  author	= {J.R.B. Cockett and R.A.G. Seely},
  title		= {Weakly distributive categories },
  journal	= {Journal of Pure and Applied Algebra },
  year		= {1997},
  volume	= {114},
  pages		= {133 - 173},
  number	= {2},
  doi		= {10.1016/0022-4049(95)00160-3}
}

@Article{	  cockett1999,
  author	= {J.R.B. Cockett and R.A.G. Seely},
  title		= {Linearly distributive functors },
  journal	= {Journal of Pure and Applied Algebra },
  year		= {1999},
  volume	= {143},
  pages		= {155 - 203},
  number	= {1–3},
  doi		= {10.1016/S0022-4049(98)00110-8}
}

@Article{	  cockett2007,
  author	= {Cockett, Robin and Seely, Robert},
  title		= {Polarized category theory, modules, and game semantics},
  journal	= {Theory and Applications of Categories},
  year		= {2007},
  volume	= {18},
  pages		= {4--101},
  number	= {2},
  keywords	= {game theory, category theory}
}

@Article{	  coecke2005,
  author	= {Coecke, Bob},
  title		= {Kindergarten quantum mechanics},
  journal	= {arXiv preprint quant-ph/0510032},
  year		= {2005}
}

@InProceedings{	  courtney2001,
  author	= {Antony Courtney and Conal Elliott},
  title		= {Genuinely Functional User Interfaces},
  booktitle	= {2001 Haskell Workshop},
  year		= {2001},
  month		= {September}
}

@Article{	  crary2005,
  author	= {Crary, Karl and Kliger, Aleksey and Pfenning, Frank},
  title		= {A monadic analysis of information flow security with
		  mutable state},
  journal	= {Journal of Functional Programming},
  year		= {2005},
  volume	= {15},
  pages		= {249--291},
  doi		= {10.1017/S0956796804005441},
  issue		= {02},
  numpages	= {43}
}

@Article{	  crolard2004,
  author	= {Crolard, Tristan},
  title		= {A Formulae-as-Types Interpretation of Subtractive Logic},
  journal	= {Journal of Logic and Computation},
  year		= {2004},
  volume	= {14},
  pages		= {529-570},
  number	= {4},
  doi		= {10.1093/logcom/14.4.529}
}

@Article{	  curien2000,
  author	= {Curien, Pierre-Louis and Herbelin, Hugo},
  title		= {The Duality of Computation},
  journal	= {{ACM} {SIGPLAN} Notices},
  year		= {2000},
  volume	= {35},
  pages		= {233--243},
  number	= {9},
  month		= {Sept.},
  address	= {New York, NY, USA},
  doi		= {10.1145/357766.351262},
  numpages	= {11}
}

@InProceedings{	  czaplicki2013,
  author	= {Czaplicki, Evan and Chong, Stephen},
  title		= {Asynchronous Functional Reactive Programming for GUIs},
  booktitle	= {Proceedings of the 34th ACM SIGPLAN Conference on
		  Programming Language Design and Implementation},
  year		= {2013},
  series	= {PLDI '13},
  pages		= {411--422},
  address	= {New York, NY, USA},
  publisher	= {ACM},
  acmid		= {2462161},
  doi		= {10.1145/2491956.2462161},
  location	= {Seattle, Washington, USA},
  numpages	= {12}
}

@Article{	  danos1995,
  author	= {Danos, Vincent and Joinet, Jean-Baptiste and Schellinx,
		  Harold},
  title		= {On the linear decoration of intuitionistic derivations},
  journal	= {Archive for Mathematical Logic},
  year		= {1995},
  volume	= {33},
  pages		= {387-412},
  number	= {6},
  doi		= {10.1007/BF02390456},
  language	= {English},
  publisher	= {Springer-Verlag}
}

@InProceedings{	  danvy1990,
  author	= {Danvy, Olivier and Filinski, Andrzej},
  title		= {Abstracting control},
  booktitle	= {Proceedings of the 1990 ACM conference on LISP and
		  functional programming},
  year		= {1990},
  pages		= {151--160},
  organization	= {ACM}
}

@Article{	  danvy1992,
  author	= {Danvy,Oliver and Filinski,Andrzex},
  title		= {Representing Control: a Study of the CPS Transformation},
  journal	= {Mathematical Structures in Computer Science},
  year		= {1992},
  volume	= {2},
  pages		= {361--391},
  month		= {12},
  doi		= {10.1017/S0960129500001535},
  issue		= {04},
  numpages	= {31}
}

@Article{	  davies2001,
  author	= {Davies, Rowan and Pfenning, Frank},
  title		= {A Modal Analysis of Staged Computation},
  year		= {2001},
  volume	= {48},
  pages		= {555--604},
  number	= {3},
  month		= {\#may\#},
  acmid		= {382785},
  address	= {New York, NY, USA},
  doi		= {10.1145/382780.382785},
  issue_date	= {May 2001},
  numpages	= {50},
  publisher	= {ACM}
}

@Article{	  demeterova2015,
  author	= {Demeterov{\'a}, Emilia and Mih{\'a}lyi, Daniel and
		  Novitzk{\'a}, Valerie},
  title		= {A categorical model of predicate linear logic},
  journal	= {Journal of Applied Mathematics and Computational
		  Mechanics},
  year		= {2015},
  volume	= {14},
  pages		= {27--42},
  number	= {1}
}

@Article{	  dicosmo2005,
  author	= {Di Cosmo, Roberto},
  title		= {A short survey of isomorphisms of types},
  journal	= {Mathematical Structures in Computer Science},
  year		= {2005},
  volume	= {15},
  pages		= {825--838},
  number	= {5},
  publisher	= {Cambridge Univ Press}
}

@InProceedings{	  donnelly2006,
  author	= {Donnelly, Kevin and Fluet, Matthew},
  title		= {Transactional Events},
  booktitle	= {Proceedings of the Eleventh ACM SIGPLAN International
		  Conference on Functional Programming},
  year		= {2006},
  series	= {ICFP '06},
  pages		= {124--135},
  address	= {New York, NY, USA},
  publisher	= {ACM},
  doi		= {10.1145/1159803.1159821},
  location	= {Portland, Oregon, USA},
  numpages	= {12}
}

@InCollection{	  downen2012,
  author	= {Downen, Paul and Ariola, Zena M},
  title		= {A systematic approach to delimited control with multiple
		  prompts},
  booktitle	= {Programming Languages and Systems},
  publisher	= {Springer},
  year		= {2012},
  pages		= {234--253}
}

@InProceedings{	  downen2015,
  author	= {Downen, Paul and Johnson-Freyd, Philip and Ariola, Zena
		  M},
  title		= {Structures for structural recursion},
  booktitle	= {Proceedings of the 20th ACM SIGPLAN International
		  Conference on Functional Programming},
  year		= {2015},
  pages		= {127--139},
  organization	= {ACM}
}

@Book{		  dummett1991,
  title		= {The logical basis of metaphysics},
  publisher	= {Harvard University Press},
  year		= {1991},
  author	= {Dummett, Michael},
  volume	= {5}
}

@InProceedings{	  egger2009,
  author	= {Egger, Jeff and M{\o}gelberg, Rasmus Ejlers and Simpson,
		  Alex},
  title		= {Enriching an effect calculus with linear types},
  booktitle	= {Computer Science Logic},
  year		= {2009},
  pages		= {240--254},
  organization	= {Springer}
}

@Article{	  ehrhard2005,
  author	= {Ehrhard, Thomas},
  title		= {Finiteness spaces},
  journal	= {Mathematical Structures in Computer Science},
  year		= {2005},
  volume	= {15},
  pages		= {615--646},
  number	= {4},
  publisher	= {Cambridge Univ Press}
}

@Unpublished{	  eisenberg2012,
  author	= {Eisenberg, Richard and Valiron, Beno{\i}t and Zdancewic,
		  Steve},
  title		= {Typechecking Linear Data: Quantum Computation in Haskell},
  year		= {2012},
  publisher	= {Citeseer}
}

@InProceedings{	  eisenberg2014,
  author	= {Eisenberg, Richard A. and Stolarek, Jan},
  title		= {Promoting Functions to Type Families in Haskell},
  booktitle	= {Proceedings of the 2014 ACM SIGPLAN Symposium on Haskell},
  year		= {2014},
  series	= {Haskell '14},
  pages		= {95--106},
  address	= {New York, NY, USA},
  publisher	= {ACM},
  doi		= {10.1145/2633357.2633361},
  location	= {Gothenburg, Sweden},
  numpages	= {12}
}

@InProceedings{	  eisenberg2016,
  author	= {Eisenberg, Richard A. and Weirich, Stephanie and Ahmed,
		  Hamidhasan G.},
  title		= {Visible Type Application},
  booktitle	= {Programming Languages and Systems: 25th European Symposium
		  on Programming, ESOP 2016, Held as Part of the European
		  Joint Conferences on Theory and Practice of Software, ETAPS
		  2016, April 2--8, 2016},
  year		= {2016},
  editor	= {Thiemann, Peter},
  pages		= {229--254},
  address	= {Berlin, Heidelberg},
  publisher	= {Springer Berlin Heidelberg},
  doi		= {10.1007/978-3-662-49498-1_10},
  location	= {Eindhoven, The Netherlands}
}

@Article{	  elliott1997,
  author	= {Elliott, Conal and Hudak, Paul},
  title		= {Functional Reactive Animation},
  journal	= {SIGPLAN Not.},
  year		= {1997},
  volume	= {32},
  pages		= {263--273},
  number	= {8},
  month		= {\#aug\#},
  acmid		= {258973},
  address	= {New York, NY, USA},
  doi		= {10.1145/258949.258973},
  issue_date	= {Aug. 1997},
  numpages	= {11},
  publisher	= {ACM}
}

@InProceedings{	  fahndrich2002,
  author	= {Fahndrich, Manuel and DeLine, Robert},
  title		= {Adoption and Focus: Practical Linear Types for Imperative
		  Programming},
  booktitle	= {Proceedings of the ACM SIGPLAN 2002 Conference on
		  Programming Language Design and Implementation},
  year		= {2002},
  series	= {PLDI '02},
  pages		= {13--24},
  address	= {New York, NY, USA},
  publisher	= {ACM},
  doi		= {10.1145/512529.512532},
  keywords	= {heap aliasing, linear types, region-based memory
		  management},
  location	= {Berlin, Germany},
  numpages	= {12}
}

@InProceedings{	  felleisen1988,
  author	= {Felleisen, Mattias},
  title		= {The Theory and Practice of First-class Prompts},
  booktitle	= {Proceedings of the 15th ACM SIGPLAN-SIGACT Symposium on
		  Principles of Programming Languages},
  year		= {1988},
  series	= {POPL '88},
  pages		= {180--190},
  address	= {New York, NY, USA},
  publisher	= {ACM},
  doi		= {10.1145/73560.73576},
  location	= {San Diego, California, USA},
  numpages	= {11}
}

@InCollection{	  felleisen1990,
  author	= {Felleisen, Matthias},
  title		= {On the expressive power of programming languages},
  booktitle	= {ESOP '90},
  publisher	= {Springer Berlin Heidelberg},
  year		= {1990},
  editor	= {Jones, Neil},
  volume	= {432},
  series	= {Lecture Notes in Computer Science},
  pages		= {134-151},
  doi		= {10.1007/3-540-52592-0_60},
  language	= {English}
}

@Unpublished{	  ferg2006,
  author	= {Stephen Ferg},
  title		= {Event-Driven Programming: Introduction, Tutorial,
		  History},
  month		= {January},
  year		= {2006},
  url		= {http://eventdrivenpgm.sourceforge.net/}
}

@Article{	  ferreira2011,
  author	= {Gilda Ferreira and Paulo Oliva},
  title		= {On Various Negative Translations},
  journal	= {Electronic Proceedings of Theoretical Computer Science},
  year		= {2011},
  volume	= {47},
  pages		= {21--33},
  month		= {jan},
  doi		= {10.4204/eptcs.47.4},
  publisher	= {Open Publishing Association}
}

@InCollection{	  fluet2006,
  author	= {Matthew Fluet and Greg Morrisett and Amal Ahmed},
  title		= {Linear Regions Are All You Need},
  booktitle	= {Programming Languages and Systems},
  publisher	= {Springer Science + Business Media},
  year		= {2006},
  pages		= {7--21},
  doi		= {10.1007/11693024\_2}
}

@InProceedings{	  fournet1996,
  author	= {Fournet, C{\'e}dric and Gonthier, Georges},
  title		= {The Reflexive CHAM and the Join-calculus},
  booktitle	= {Proceedings of the 23rd ACM SIGPLAN-SIGACT Symposium on
		  Principles of Programming Languages},
  year		= {1996},
  series	= {POPL '96},
  pages		= {372--385},
  address	= {New York, NY, USA},
  publisher	= {ACM},
  doi		= {10.1145/237721.237805},
  location	= {St. Petersburg Beach, Florida, USA},
  numpages	= {14}
}

@PhDThesis{	  gaboardi2007,
  author	= {Gaboardi, Marco},
  title		= {Linearity: an Analytic Tool in the study of Complexity and
		  Semantics of Programming Languages},
  school	= {Università di Torino, Institut National Polytechnique de
		  Lorraine},
  year		= {2007},
  journal	= {Institut National Polytechnique de Lorraine e
		  Universit{\`a} di Torino},
  volume	= {12}
}

@InProceedings{	  gaboardi2013,
  author	= {Gaboardi, Marco and Haeberlen, Andreas and Hsu, Justin and
		  Narayan, Arjun and Pierce, Benjamin C.},
  title		= {Linear Dependent Types for Differential Privacy},
  booktitle	= {Proceedings of the 40th Annual ACM SIGPLAN-SIGACT
		  Symposium on Principles of Programming Languages},
  year		= {2013},
  series	= {POPL '13},
  pages		= {357--370},
  address	= {New York, NY, USA},
  publisher	= {ACM},
  doi		= {10.1145/2429069.2429113},
  location	= {Rome, Italy},
  numpages	= {14}
}

@InCollection{	  gansner1993,
  author	= {Emden R. Gansner and John H. Reppy},
  title		= {A Multi-threaded Higher-order User Interface Toolkit},
  booktitle	= {User Interface Software, Bass and Dewan (Eds.)},
  publisher	= {John Wiley \& Sons},
  year		= {1993},
  volume	= {1},
  series	= {Software Trends},
  pages		= {61-80},
  topic		= {gui,cml,concurrency}
}

@InProceedings{	  gay2008,
  author	= {Gay, Simon J. and Nagarajan, Rajagopal and Papanikolaou,
		  Nikolaos},
  title		= {QMC: A Model Checker for Quantum Systems},
  booktitle	= {Computer Aided Verification: 20th International
		  Conference, CAV 2008},
  year		= {2008},
  editor	= {Gupta, Aarti and Malik, Sharad},
  pages		= {543--547},
  address	= {Princeton, NJ, USA},
  month		= {July},
  publisher	= {Springer Berlin Heidelberg},
  doi		= {10.1007/978-3-540-70545-1_51}
}

@Article{	  gay2010,
  author	= {Gay, Simon J. and Vasconcelos, Vasco T.},
  title		= {Linear type theory for asynchronous session types},
  journal	= {Journal of Functional Programming},
  year		= {2010},
  volume	= {20},
  pages		= {19--50},
  doi		= {10.1017/S0956796809990268},
  issue		= {01},
  numpages	= {32}
}

@Article{	  gentzen1935,
  author	= {Gentzen, Gerhard},
  title		= {Untersuchungen über das logische Schließen {I} and
		  {II}},
  journal	= {Mathematische Zeitschrift},
  year		= {1935},
  volume	= {39},
  pages		= {176--210, 405--431},
  number	= {1},
  doi		= {10.1007/BF01201353},
  language	= {German},
  publisher	= {Springer-Verlag}
}

@Article{	  gentzen1964,
  author	= {Gerhard Gentzen},
  title		= {Investigations into Logical Deduction},
  journal	= {American Philosophical Quarterly},
  year		= {1964},
  volume	= {1},
  pages		= {288-306},
  number	= {4},
  publisher	= {University of Illinois Press}
}

@Article{	  girard1986,
  author	= {Jean-Yves Girard},
  title		= {The system {F} of variable types, fifteen years later},
  journal	= {Theoretical Computer Science},
  year		= {1986},
  volume	= {45},
  pages		= {159 - 192},
  doi		= {10.1016/0304-3975(86)90044-7}
}

@Article{	  girard1987,
  author	= {Jean-Yves Girard},
  title		= {Linear logic },
  journal	= {Theoretical Computer Science},
  year		= {1987},
  volume	= {50},
  pages		= {1--101},
  number	= {1},
  doi		= {10.1016/0304-3975(87)90045-4}
}

@Book{		  girard1989,
  title		= {Proofs and types},
  publisher	= {Cambridge University Press Cambridge},
  year		= {1989},
  author	= {Girard, Jean-Yves and Taylor, Paul and Lafont, Yves},
  volume	= {7}
}

@Article{	  girard1991,
  author	= {Girard,Jean-Yves},
  title		= {A new constructive logic: classic logic},
  journal	= {Mathematical Structures in Computer Science},
  year		= {1991},
  volume	= {1},
  pages		= {255--296},
  month		= {Nov},
  doi		= {10.1017/S0960129500001328},
  issue		= {03},
  numpages	= {42}
}

@Article{	  girard1993,
  author	= {Girard, Jean-Yves},
  title		= {On the unity of logic},
  journal	= {Annals of pure and applied logic},
  year		= {1993},
  volume	= {59},
  pages		= {201--217},
  number	= {3},
  publisher	= {Elsevier}
}

@Misc{		  golang,
  title		= {The {Go} Programming Language},
  howpublished	= {Website},
  owner		= {jennifer},
  timestamp	= {2016.03.27},
  url		= {www.golang.org/}
}

@InProceedings{	  green2013,
  author	= {Green, Alexander S. and Lumsdaine, Peter LeFanu and Ross,
		  Neil J. and Selinger, Peter and Valiron, Beno\^{\i}t},
  title		= {Quipper: A Scalable Quantum Programming Language},
  booktitle	= {Proceedings of the 34th ACM SIGPLAN Conference on
		  Programming Language Design and Implementation},
  year		= {2013},
  series	= {PLDI '13},
  pages		= {333--342},
  address	= {New York, NY, USA},
  publisher	= {ACM},
  doi		= {10.1145/2491956.2462177},
  location	= {Seattle, Washington, USA}
}

@InProceedings{	  griffin1990,
  author	= {Griffin, Timothy G.},
  title		= {A Formulae-as-type Notion of Control},
  booktitle	= {Proceedings of the 17th ACM SIGPLAN-SIGACT Symposium on
		  Principles of Programming Languages},
  year		= {1990},
  series	= {POPL '90},
  pages		= {47--58},
  address	= {New York, NY, USA},
  publisher	= {ACM},
  doi		= {10.1145/96709.96714},
  location	= {San Francisco, California, USA},
  numpages	= {12}
}

@InCollection{	  groote1994,
  author	= {de Groote, Philippe},
  title		= {On the relation between the $\lambda\mu$-calculus and the
		  syntactic theory of sequential control},
  booktitle	= {Logic Programming and Automated Reasoning},
  publisher	= {Springer Berlin Heidelberg},
  year		= {1994},
  editor	= {Pfenning, Frank},
  volume	= {822},
  series	= {Lecture Notes in Computer Science},
  pages		= {31-43},
  doi		= {10.1007/3-540-58216-9\_27},
  language	= {English}
}

@InProceedings{	  grover1996,
  author	= {Grover, Lov K.},
  title		= {A Fast Quantum Mechanical Algorithm for Database Search},
  booktitle	= {Proceedings of the Twenty-eighth Annual ACM Symposium on
		  Theory of Computing},
  year		= {1996},
  series	= {STOC '96},
  pages		= {212--219},
  publisher	= {ACM},
  acmid		= {237866},
  doi		= {10.1145/237814.237866},
  location	= {Philadelphia, Pennsylvania, USA},
  numpages	= {8}
}

@Misc{		  haller2013,
  author	= { Philipp Haller and Aleksandar Prokopec and Heather Miller
		  and Viktor Klang and Roland Kuhn and Vojin Jovanovic },
  title		= {Futures and Promises},
  howpublished	= {{S}cala Documentation},
  year		= {2013},
  url		= {http://docs.scala-lang.org/overviews/core/futures}
}

@Article{	  hamano2007,
  author	= {Masahiro Hamano and Philip Scott},
  title		= {A categorical semantics for polarized },
  journal	= {Annals of Pure and Applied Logic },
  year		= {2007},
  volume	= {145},
  pages		= {276 - 313},
  number	= {3},
  doi		= {10.1016/j.apal.2006.09.001}
}

@Article{	  harrington2006,
  author	= {Dana Harrington},
  title		= {Uniqueness logic },
  journal	= {Theoretical Computer Science },
  year		= {2006},
  volume	= {354},
  pages		= {24 - 41},
  number	= {1},
  note		= {Algebraic Methods in Language ProcessingThird
		  International \{AMAST\} Workshop on Algebraic Methods in
		  Language Processing 2003 },
  doi		= {10.1016/j.tcs.2005.11.006}
}

@InProceedings{	  herbelin2012,
  author	= {Hugo Herbelin},
  title		= {A Constructive Proof of Dependent Choice, Compatible with
		  Classical Logic},
  booktitle	= {Proceedings of the 27th Annual ACM/IEEE Symposium on Logic
		  in Computer Science, LICS 2012, 25-28 June 2012, Dubrovnik,
		  Croatia},
  year		= {2012},
  pages		= {365--374},
  publisher	= {IEEE Computer Society}
}

@InProceedings{	  hicks2004,
  author	= {Hicks, Michael and Morrisett, Greg and Grossman, Dan and
		  Jim, Trevor},
  title		= {Experience with Safe Manual Memory-management in Cyclone},
  booktitle	= {Proceedings of the 4th International Symposium on Memory
		  Management},
  year		= {2004},
  series	= {ISMM '04},
  pages		= {73--84},
  address	= {New York, NY, USA},
  publisher	= {ACM},
  acmid		= {1029883},
  doi		= {10.1145/1029873.1029883},
  location	= {Vancouver, BC, Canada},
  numpages	= {12}
}

@Article{	  hinze2001,
  author	= {Hinze,Ralf and Jeuring,Johan},
  title		= {Weaving a web},
  journal	= {Journal of Functional Programming},
  year		= {2001},
  volume	= {11},
  pages		= {681--689},
  month		= {11},
  doi		= {10.1017/S0956796801004129},
  issue		= {06},
  numpages	= {9}
}

@Article{	  hinze2002,
  author	= {Hinze, Ralf and Jeuring, Johan and L{\"o}h, Andres},
  title		= {Type-Indexed Data Types},
  journal	= {Mathematics of Program Construction: 6th International
		  Conference, MPC 2002 Dagstuhl Castle, Germany, July 8--10,
		  2002 Proceedings},
  year		= {2002},
  pages		= {148--174},
  address	= {Berlin, Heidelberg},
  doi		= {10.1007/3-540-45442-X\_10},
  editor	= {Boiten, Eerke A. and M{\"o}ller, Bernhard},
  publisher	= {Springer Berlin Heidelberg}
}

@InBook{	  hinze2003,
  chapter	= {Chapter 1. Generic Haskell: Practice and Theory},
  pages		= {1--56},
  title		= {Generic Programming: Advanced Lectures},
  publisher	= {Springer Berlin Heidelberg},
  year		= {2003},
  editor	= {Backhouse, Roland and Gibbons, Jeremy},
  author	= {Hinze, Ralf and Jeuring, Johan},
  address	= {Berlin, Heidelberg},
  doi		= {10.1007/978-3-540-45191-4\_1}
}

@InBook{	  hinze2003a,
  chapter	= {Chapter 2. Generic Haskell: Applications},
  pages		= {57--96},
  title		= {Generic Programming: Advanced Lectures},
  publisher	= {Springer Berlin Heidelberg},
  year		= {2003},
  editor	= {Backhouse, Roland and Gibbons, Jeremy},
  author	= {Hinze, Ralf and Jeuring, Johan},
  address	= {Berlin, Heidelberg},
  doi		= {10.1007/978-3-540-45191-4\_2}
}

@InCollection{	  hinze2012,
  author	= {Hinze, Ralf},
  title		= {Generic programming with adjunctions},
  booktitle	= {Generic and Indexed Programming},
  publisher	= {Springer},
  year		= {2012},
  pages		= {47--129}
}

@InCollection{	  hirai2012,
  author	= {Hirai, Yoichi},
  title		= {A lambda calculus for G{\"o}del--Dummett logic capturing
		  waitfreedom},
  booktitle	= {Functional and Logic Programming},
  publisher	= {Springer},
  year		= {2012},
  pages		= {151--165}
}

@Article{	  hofmann2003,
  author	= {Martin Hofmann},
  title		= {Linear types and non-size-increasing polynomial time
		  computation },
  journal	= {Information and Computation },
  year		= {2003},
  volume	= {183},
  pages		= {57 - 85},
  number	= {1},
  note		= {International Workshop on Implicit Computational
		  Complexity (ICC'99) },
  doi		= {10.1016/S0890-5401(03)00009-9}
}

@InCollection{	  honda1993,
  author	= {Kohei Honda},
  title		= {Types for dyadic interaction},
  booktitle	= {{CONCUR}'93},
  year		= {1993},
  pages		= {509--523},
  doi		= {10.1007/3-540-57208-2\_35}
}

@InCollection{	  honda1998,
  author	= {Kohei Honda and Vasco T. Vasconcelos and Makoto Kubo},
  title		= {Language primitives and type discipline for structured
		  communication-based programming},
  booktitle	= {Programming Languages and Systems},
  year		= {1998},
  pages		= {122--138},
  doi		= {10.1007/bfb0053567}
}

@Book{		  hott2013,
  title		= {Homotopy Type Theory: Univalent Foundations of
		  Mathematics},
  publisher	= {\url{http://homotopytypetheory.org/book}},
  year		= {2013},
  author	= {The {Univalent Foundations Program}},
  address	= {Institute for Advanced Study}
}

@Article{	  huet1997,
  author	= {Huet, G{'e}rard},
  title		= {The Zipper},
  journal	= {Journal of Functional Programming},
  year		= {1997},
  volume	= {7},
  pages		= {549--554},
  doi		= {null},
  issn		= {1469-7653},
  issue		= {05},
  numpages	= {6},
  url		= {http://journals.cambridge.org/article\_S0956796897002864}
}

@InBook{	  hughes2005,
  pages		= {73--129},
  title		= {Programming with Arrows},
  publisher	= {Springer Berlin Heidelberg},
  year		= {2005},
  editor	= {Vene, Varmo and Uustalu, Tarmo},
  author	= {Hughes, John},
  address	= {Berlin, Heidelberg},
  booktitle	= {Advanced Functional Programming: 5th International School,
		  AFP 2004, Tartu, Estonia, August 14 -- 21, 2004, Revised
		  Lectures},
  doi		= {10.1007/11546382\_2}
}

@Article{	  hyland2000,
  author	= {J.M.E. Hyland and C.-H.L. Ong},
  title		= {On Full Abstraction for PCF },
  journal	= {Information and Computation },
  year		= {2000},
  volume	= {163},
  pages		= {285--408},
  number	= {2},
  doi		= {10.1006/inco.2000.2917}
}

@Misc{		  idris,
  author	= {Idris Community, The},
  title		= {Uniqueness Types},
  year		= {2017},
  booktitle	= {Documentation for the Idris Language},
  url		= {http://docs.idris-lang.org/en/latest/reference/uniqueness-types.html}
		  
}

@InProceedings{	  ignatoff2006,
  author	= {Ignatoff, Daniel and Cooper, Gregory H. and Krishnamurthi,
		  Shriram},
  title		= {Crossing State Lines: Adapting Object-Oriented Frameworks
		  to Functional Reactive Languages},
  booktitle	= {Functional and Logic Programming: 8th International
		  Symposium, FLOPS 2006, Fuji-Susono, Japan, April 24-26,
		  2006},
  year		= {2006},
  editor	= {Hagiya, Masami and Wadler, Philip},
  pages		= {259--276},
  address	= {Berlin, Heidelberg},
  publisher	= {Springer Berlin Heidelberg},
  doi		= {10.1007/11737414\_18}
}

@Article{	  indrzejczak2012,
  author	= {Indrzejczak, Andrzej},
  title		= {Cut-free hypersequent calculus for S4. 3},
  journal	= {Bulletin of the Section of Logic},
  year		= {2012},
  volume	= {41},
  pages		= {89--104},
  number	= {1-2}
}

@InProceedings{	  jeffrey2012,
  author	= {Jeffrey, Alan},
  title		= {{LTL} Types {FRP}: Linear-time Temporal Logic Propositions
		  As Types, Proofs As Functional Reactive Programs},
  booktitle	= {Proceedings of the Sixth Workshop on Programming Languages
		  Meets Program Verification},
  year		= {2012},
  series	= {PLPV '12},
  pages		= {49--60},
  address	= {New York, NY, USA},
  publisher	= {ACM},
  doi		= {10.1145/2103776.2103783},
  location	= {Philadelphia, Pennsylvania, USA},
  numpages	= {12}
}

@Article{	  jeltsch2012,
  author	= {Wolfgang Jeltsch},
  title		= {Towards a Common Categorical Semantics for Linear-Time
		  Temporal Logic and Functional Reactive Programming },
  journal	= {Electronic Notes in Theoretical Computer Science },
  year		= {2012},
  volume	= {286},
  pages		= {229 - 242},
  number	= {0},
  note		= {Proceedings of the 28th Conference on the Mathematical
		  Foundations of Programming Semantics (MFPS XXVIII) },
  doi		= {10.1016/j.entcs.2012.08.015}
}

@InProceedings{	  jones2000,
  author	= {Jones, Mark P.},
  title		= {Type Classes with Functional Dependencies},
  booktitle	= {Programming Languages and Systems: 9th European Symposium
		  on Programming, ESOP 2000},
  year		= {2000},
  editor	= {Smolka, Gert},
  pages		= {230--244},
  address	= {Berlin, Heidelberg},
  publisher	= {Springer Berlin Heidelberg},
  doi		= {10.1007/3-540-46425-5_15}
}

@InCollection{	  kimura2007,
  author	= {Kimura, Daisuke},
  title		= {Call-by-Value Is Dual to Call-by-Name, Extended},
  booktitle	= {Programming Languages and Systems},
  publisher	= {Springer Berlin Heidelberg},
  year		= {2007},
  editor	= {Shao, Zhong},
  volume	= {4807},
  series	= {Lecture Notes in Computer Science},
  pages		= {415-430},
  doi		= {10.1007/978-3-540-76637-7_28},
  language	= {English}
}

@InCollection{	  kimura2009,
  author	= {Kimura, Daisuke and Tatsuta, Makoto},
  title		= {Dual Calculus with Inductive and Coinductive Types},
  booktitle	= {Rewriting Techniques and Applications},
  publisher	= {Springer Berlin Heidelberg},
  year		= {2009},
  editor	= {Treinen, Ralf},
  volume	= {5595},
  series	= {Lecture Notes in Computer Science},
  pages		= {224-238},
  doi		= {10.1007/978-3-642-02348-4\_16},
  language	= {English}
}

@Article{	  kinder2005,
  author	= {Kinder, Ken},
  title		= {Event-driven Programming with Twisted and Python},
  journal	= {Linux Journal},
  year		= {2005},
  number	= {131},
  month		= {\#mar\#},
  address	= {Houston, TX},
  issn		= {1075-3583},
  issue_date	= {March 2005},
  publisher	= {Belltown Media}
}

@InBook{	  kiselyov2012,
  pages		= {130--174},
  title		= {Typed Tagless Final Interpreters},
  publisher	= {Springer Berlin Heidelberg},
  year		= {2012},
  editor	= {Gibbons, Jeremy},
  author	= {Kiselyov, Oleg},
  address	= {Berlin, Heidelberg},
  booktitle	= {Generic and Indexed Programming: International Spring
		  School, SSGIP 2010, Oxford, UK, March 22-26, 2010, Revised
		  Lectures},
  doi		= {10.1007/978-3-642-32202-0_3},
  isbn		= {978-3-642-32202-0},
  url		= {http://dx.doi.org/10.1007/978-3-642-32202-0_3}
}

@TechReport{	  knill1996,
  author	= {Emmanuel H. Knill},
  title		= {Conventions for Quantum Pseudocode},
  institution	= {Los Alamos National Laboratory},
  year		= {1996},
  number	= {LAUR-96-2724}
}

@Article{	  kobayashi1997,
  author	= {Satoshi Kobayashi},
  title		= {Monad as modality },
  journal	= {Theoretical Computer Science },
  year		= {1997},
  volume	= {175},
  pages		= {29 - 74},
  number	= {1},
  doi		= {10.1016/S0304-3975(96)00169-7}
}

@Article{	  kobayashi1999,
  author	= {Naoki Kobayashi and Benjamin C. Pierce and David N.
		  Turner},
  title		= {Linearity and the $\pi$-calculus},
  journal	= {{ACM} Transactions on Programming Languages and Systems},
  year		= {1999},
  volume	= {21},
  pages		= {914--947},
  number	= {5},
  month		= {sep},
  doi		= {10.1145/330249.330251},
  publisher	= {Association for Computing Machinery ({ACM})}
}

@InCollection{	  kobayashi2003,
  author	= {Naoki Kobayashi},
  title		= {Type Systems for Concurrent Programs},
  booktitle	= {Formal Methods at the Crossroads. From Panacea to
		  Foundational Support},
  publisher	= {Springer},
  year		= {2003},
  editor	= {Aichernig, BernhardK. and Maibaum, Tom},
  volume	= {2757},
  series	= {Lecture Notes in Computer Science},
  pages		= {439--453},
  doi		= {10.1007/978-3-540-40007-3_26},
  language	= {English}
}

@Article{	  krishnamurthi2007,
  author	= {Krishnamurthi, Shriram},
  title		= {Programming languages: Application and interpretation},
  year		= {2007}
}

@InProceedings{	  krishnaswami2011,
  author	= {Krishnaswami, Neelakantan R and Benton, Nick},
  title		= {Ultrametric semantics of reactive programs},
  booktitle	= {Logic in Computer Science (LICS), 2011 26th Annual IEEE
		  Symposium on},
  year		= {2011},
  pages		= {257--266},
  month		= {June},
  organization	= {IEEE},
  doi		= {10.1109/LICS.2011.38}
}

@InProceedings{	  krishnaswami2011a,
  author	= {Krishnaswami, Neelakantan R and Benton, Nick},
  title		= {A semantic model for graphical user interfaces},
  booktitle	= {ACM SIGPLAN Notices},
  year		= {2011},
  volume	= {46},
  number	= {9},
  series	= {ICFP '11},
  pages		= {45--57},
  address	= {New York, NY, USA},
  publisher	= {ACM},
  acmid		= {2034782},
  doi		= {10.1145/2034773.2034782},
  location	= {Tokyo, Japan},
  numpages	= {13}
}

@Article{	  krishnaswami2012,
  author	= {Krishnaswami, Neelakantan R and Benton, Nick and Hoffmann,
		  Jan},
  title		= {Higher-order functional reactive programming in bounded
		  space},
  journal	= {ACM SIGPLAN Notices},
  year		= {2012},
  volume	= {47},
  pages		= {45--58},
  number	= {1},
  publisher	= {ACM}
}

@InProceedings{	  krishnaswami2013,
  author	= {Krishnaswami, Neelakantan R},
  title		= {Higher-order functional reactive programming without
		  spacetime leaks},
  booktitle	= {ACM SIGPLAN Notices},
  year		= {2013},
  volume	= {48},
  number	= {9},
  pages		= {221--232},
  address	= {New York, NY, USA},
  organization	= {ACM},
  doi		= {10.1145/2544174.2500588},
  issue_date	= {September 2013},
  journal	= {SIGPLAN Not.},
  numpages	= {12}
}

@Article{	  krishnaswami2015,
  author	= {Krishnaswami, Neelakantan R. and Pradic, Pierre and
		  Benton, Nick},
  title		= {Integrating Linear and Dependent Types},
  journal	= {SIGPLAN Notices},
  year		= {2015},
  volume	= {50},
  pages		= {17--30},
  number	= {1},
  month		= {\#jan\#},
  address	= {New York, NY, USA},
  doi		= {10.1145/2775051.2676969},
  issue_date	= {January 2015},
  numpages	= {14},
  publisher	= {ACM}
}

@Article{	  krivine1994,
  author	= {Jean-Louis Krivine},
  title		= {A general storage theorem for integers in call-by-name
		  λ-calculus },
  journal	= {Theoretical Computer Science },
  year		= {1994},
  volume	= {129},
  pages		= {79 - 94},
  number	= {1},
  doi		= {http://dx.doi.org/10.1016/0304-3975(94)90081-7}
}

@Unpublished{	  krivine2002,
  author	= {Krivine, Jean-Louis},
  title		= {{Lambda-calculus types and models}},
  note		= {DEA. {Universit{\'e} Paris 7}},
  month		= {Feb},
  year		= {2002},
  hal_id	= {cel-00574575},
  hal_version	= {v1},
  location	= {Universit{\'e} Paris 7},
  pages		= {208},
  type		= {DEA}
}

@Article{	  lafont1988,
  author	= {Yves Lafont},
  title		= {The Linear Abstract Machine},
  journal	= {Theoretical Computer Science},
  year		= {1988},
  volume	= {59},
  pages		= {157--180},
  note		= {Corrections in vol. 62, pp. 327--328}
}

@TechReport{	  lafont1993,
  author	= {Yves Lafont and Bernhard Reus and Thomas Streicher},
  title		= {Continuation semantics or expressing implication by
		  negation},
  institution	= {Ludwig-Maximilians-Universität},
  year		= {1993},
  number	= {9321},
  owner		= {jennifer},
  timestamp	= {2016.01.04}
}

@Article{	  launchbury1995,
  author	= {John Launchbury and Simon L Peyton Jones},
  title		= {State in Haskell},
  journal	= {{LISP} and Symbolic Computation},
  year		= {1995},
  volume	= {8},
  pages		= {293--341},
  number	= {4},
  month		= {dec},
  doi		= {10.1007/bf01018827},
  publisher	= {Springer Science $\mathplus$ Business Media}
}

@PhDThesis{	  laurent2002,
  author	= {Laurent, Olivier},
  title		= {{\'E}tude de la polarisation en logique},
  school	= {{Universit{\'e} de la M{\'e}diterran{\'e}e - Aix-Marseille
		  II}},
  year		= {2002},
  type		= {Theses},
  month		= {March},
  hal_id	= {tel-00007884},
  hal_local_reference={PPS//02/06//n{\textdegree}5 (th)},
  hal_version	= {v1},
  pdf		= {https://tel.archives-ouvertes.fr/tel-00007884/file/tel-00007884.pdf}
		  
}

@InProceedings{	  laurent2003,
  author	= {Laurent, Olivier and Regnier, Laurent},
  title		= {About translations of classical logic into polarized
		  linear logic},
  booktitle	= {Logic in Computer Science},
  year		= {2003},
  pages		= {11--20},
  organization	= {IEEE},
  doi		= {10.1109/LICS.2003.1210040},
  keywords	= {classical, Linear, Polarized}
}

@Article{	  laurent2003a,
  author	= {Olivier Laurent},
  title		= {Polarized proof-nets and $\lambda\mu$-calculus },
  journal	= {Theoretical Computer Science },
  year		= {2003},
  volume	= {290},
  pages		= {161 - 188},
  number	= {1},
  doi		= {10.1016/S0304-3975(01)00297-3}
}

@Article{	  laurent2004,
  author	= {Olivier Laurent},
  title		= {Polarized games },
  journal	= {Annals of Pure and Applied Logic },
  year		= {2004},
  volume	= {130},
  pages		= {79 - 123},
  number	= {1–3},
  note		= {Papers presented at the 2002 {IEEE} Symposium on Logic in
		  Computer Science (LICS) },
  doi		= {10.1016/j.apal.2004.04.006}
}

@Unpublished{	  lengyel2003,
  author	= {Lengyel, Florian},
  title		= {Mirror vs opposite categories in control},
  month		= {November},
  year		= {2003},
  owner		= {jennifer},
  timestamp	= {2015.05.14},
  url		= {http://www.cs.nyu.edu/pipermail/fom/2003-November/007687.html}
		  
}

@InCollection{	  levy2003,
  author	= {Paul Blain Levy},
  title		= {Call-By-Push-Value: A Subsuming Paradigm},
  booktitle	= {Call-By-Push-Value},
  publisher	= {Springer Science Business Media},
  year		= {2003},
  pages		= {27--47},
  doi		= {10.1007/978-94-007-0954-6\_2}
}

@Book{		  levy2012,
  title		= {Call-By-Push-Value: A Functional/Imperative Synthesis},
  publisher	= {Springer Netherlands},
  year		= {2012},
  author	= {Levy, P.B.},
  series	= {Semantics Structures in Computation},
  isbn		= {9789400709546}
}

@InProceedings{	  li2007,
  author	= {Li, Peng and Zdancewic, Steve},
  title		= {Combining Events and Threads for Scalable Network Services
		  Implementation and Evaluation of Monadic, Application-level
		  Concurrency Primitives},
  booktitle	= {Proceedings of the 28th ACM SIGPLAN Conference on
		  Programming Language Design and Implementation},
  year		= {2007},
  series	= {PLDI '07},
  pages		= {189--199},
  address	= {New York, NY, USA},
  publisher	= {ACM},
  doi		= {10.1145/1250734.1250756},
  location	= {San Diego, California, USA},
  numpages	= {11}
}

@InProceedings{	  liang2007,
  author	= {Liang, Chuck and Miller, Dale},
  title		= {Focusing and Polarization in Intuitionistic Logic},
  booktitle	= {Computer Science Logic},
  year		= {2007},
  editor	= {Duparc, Jacques and Henzinger, Thomas A.},
  pages		= {451--465},
  address	= {Berlin, Heidelberg},
  publisher	= {Springer Berlin Heidelberg},
  doi		= {10.1007/978-3-540-74915-8_34}
}

@Article{	  liang2009,
  author	= {Chuck Liang and Dale Miller},
  title		= {Focusing and polarization in linear, intuitionistic, and
		  classical logics},
  journal	= {Theoretical Computer Science},
  year		= {2009},
  volume	= {410},
  pages		= {4747--4768},
  number	= {46},
  month		= {Nov},
  doi		= {10.1016/j.tcs.2009.07.041},
  publisher	= {Elsevier}
}

@InProceedings{	  liang2013,
  author	= {Liang, Chuck and Miller, Dale},
  title		= {Unifying Classical and Intuitionistic Logics for
		  Computational Control},
  booktitle	= {Proceedings of the 2013 28th Annual ACM/IEEE Symposium on
		  Logic in Computer Science},
  year		= {2013},
  pages		= {283--292},
  organization	= {IEEE Computer Society}
}

@InProceedings{	  licata2008,
  author	= {Licata, Daniel R and Zeilberger, Noam and Harper, Robert},
  title		= {Focusing on binding and computation},
  booktitle	= {Logic in Computer Science, 2008. LICS'08. 23rd Annual IEEE
		  Symposium on},
  year		= {2008},
  pages		= {241--252},
  organization	= {IEEE}
}

@Article{	  licata2016,
  author	= {Licata, Daniel R. and Shulman, Michael},
  title		= {Adjoint Logic with a 2-Category of Modes},
  year		= {2016},
  pages		= {219--235},
  address	= {Cham},
  booktitle	= {Logical Foundations of Computer Science: International
		  Symposium, LFCS 2016, Deerfield Beach, FL, USA, January
		  4-7, 2016. Proceedings},
  doi		= {10.1007/978-3-319-27683-0_16},
  editor	= {Artemov, Sergei and Nerode, Anil},
  publisher	= {Springer International Publishing},
  url		= {http://dx.doi.org/10.1007/978-3-319-27683-0_16}
}

@Misc{		  licata2017,
  author	= {Licata, Daniel R and Shulman, Michael and Riley,
		  Mitchell},
  title		= {A Fibrational Framework for Substructural and Modal Logics
		  (extended version)},
  year		= {2017},
  note		= {Draft},
  url		= {http://dlicata.web.wesleyan.edu/pubs/lsr17multi/lsr17multi-ex.pdf}
		  
}

@Article{	  lindley2014,
  author	= {Sam Lindley and J. Garrett Morris},
  title		= {Sessions as Propositions},
  journal	= {Electronic Proceedings of Theoretical Computer Science},
  year		= {2014},
  volume	= {155},
  pages		= {9--16},
  month		= {Jun},
  doi		= {10.4204/eptcs.155.2},
  publisher	= {Open Publishing Association}
}

@InProceedings{	  lindley2015,
  author	= {Sam Lindley and J. Garrett Morris},
  title		= {A Semantics for Propositions as Sessions},
  booktitle	= {Proceedings of Programming Languages and Systems, 24th
		  European Symposium on Programming, ESOP 2015},
  year		= {2015},
  editor	= {Jan Vitek},
  volume	= {9032},
  pages		= {560--584},
  address	= {London, UK},
  month		= {April},
  publisher	= {Springer Berlin Heidelberg},
  doi		= {10.1007/978-3-662-46669-8\_23}
}

@InProceedings{	  lindley2016,
  author	= {Lindley, Sam and Morris, J. Garrett},
  title		= {Embedding Session Types in Haskell},
  booktitle	= {Proceedings of the 9th International Symposium on
		  Haskell},
  year		= {2016},
  series	= {Haskell 2016},
  pages		= {133--145},
  address	= {New York, NY, USA},
  publisher	= {ACM},
  doi		= {10.1145/2976002.2976018},
  location	= {Nara, Japan},
  numpages	= {13}
}

@Book{		  maclane1978,
  title		= {Categories for the working mathematician},
  publisher	= {Springer Science \& Business Media},
  year		= {1978},
  author	= {Mac Lane, Saunders},
  volume	= {5}
}

@Article{	  martinlof1996,
  author	= {Per Martin-L\"o{}f},
  title		= {On the Meanings of the Logical Constants and the
		  Justifications of the Logical Laws},
  journal	= {Nordic Journal of Philosophical Logic},
  year		= {1996},
  volume	= {1},
  pages		= {11--60},
  number	= {1},
  publisher	= {Scandinavian University Press}
}

@InProceedings{	  matsakis2014,
  author	= {Matsakis, Nicholas D. and Klock,II, Felix S.},
  title		= {The Rust Language},
  booktitle	= {Proceedings of the 2014 ACM SIGAda Annual Conference on
		  High Integrity Language Technology},
  year		= {2014},
  series	= {HILT '14},
  pages		= {103--104},
  address	= {New York, NY, USA},
  publisher	= {ACM},
  acmid		= {2663188},
  doi		= {10.1145/2663171.2663188},
  location	= {Portland, Oregon, USA},
  numpages	= {2}
}

@Article{	  mazurak2010,
  author	= {Mazurak, Karl and Zdancewic, Steve},
  title		= {Lolliproc: To Concurrency from Classical Linear Logic via
		  {C}urry-{H}oward and Control},
  journal	= {SIGPLAN Not.},
  year		= {2010},
  volume	= {45},
  pages		= {39--50},
  number	= {9},
  month		= {Sept},
  address	= {New York, NY, USA},
  doi		= {10.1145/1932681.1863551},
  issue_date	= {September 2010},
  numpages	= {12},
  publisher	= {ACM}
}

@InProceedings{	  mazurak2010a,
  author	= {Karl Mazurak and Jianzhou Zhao and Steve Zdancewic},
  title		= {Lightweight linear types in system {F}{\textdegree}},
  booktitle	= {Proceedings of the 5th {ACM} {SIGPLAN} workshop on Types
		  in language design and implementation - {TLDI}
		  {\textquotesingle}10},
  year		= {2010},
  publisher	= {Association for Computing Machinery ({ACM})},
  doi		= {10.1145/1708016.1708027}
}

@Article{	  mcbride2001,
  author	= {McBride, Conor},
  title		= {The derivative of a regular type is its type of one-hole
		  contexts},
  year		= {2001},
  publisher	= {Citeseer}
}

@Article{	  mcbride2008,
  author	= {McBride, Conor},
  title		= {Clowns to the Left of Me, Jokers to the Right (Pearl):
		  Dissecting Data Structures},
  journal	= {SIGPLAN Notices},
  year		= {2008},
  volume	= {43},
  pages		= {287--295},
  number	= {1},
  month		= {\#jan\#},
  address	= {New York, NY, USA},
  doi		= {10.1145/1328897.1328474},
  issue_date	= {January 2008},
  numpages	= {9},
  publisher	= {ACM},
  url		= {http://strictlypositive.org/CloJo/CJ.lhs}
}

@InProceedings{	  mcbride2016,
  author	= {McBride, Conor},
  title		= {I Got Plenty o' Nuttin'},
  booktitle	= {A List of Successes That Can Change the World: Essays
		  Dedicated to Philip Wadler on the Occasion of His 60th
		  Birthday},
  year		= {2016},
  editor	= {Lindley, Sam and McBride, Conor and Trinder, Phil and
		  Sannella, Don},
  pages		= {207--233},
  publisher	= {Springer International Publishing},
  doi		= {10.1007/978-3-319-30936-1\_12}
}

@InCollection{	  mclaughlin2009,
  author	= {McLaughlin, Sean and Pfenning, Frank},
  title		= {Efficient Intuitionistic Theorem Proving with the
		  Polarized Inverse Method},
  booktitle	= {Automated Deduction – CADE-22},
  publisher	= {Springer Berlin Heidelberg},
  year		= {2009},
  editor	= {Schmidt, Renate A.},
  volume	= {5663},
  series	= {Lecture Notes in Computer Science},
  pages		= {230-244},
  doi		= {10.1007/978-3-642-02959-2\_19},
  language	= {English}
}

@TechReport{	  mellies2003,
  author	= {Melli{\`e}s, Paul Andr{\'e}},
  title		= {Categorical models of linear logic revisited},
  institution	= {Laboratoire PPS a la Université Paris Denis Diderot},
  year		= {2003},
  number	= {22}
}

@Unpublished{	  mellies2008,
  author	= {Mellies, Paul-Andr{\'e} and Tabareau, Nicolas},
  title		= {Linear continuations and duality},
  year		= {2008}
}

@InBook{	  mellies2009,
  chapter	= {Categorical semantics of linear logic},
  title		= {Interactive models of computation and program behavior},
  publisher	= {Société Mathématique de France},
  year		= {2009},
  author	= {Melli{\`e}s, Paul-Andr{\'e}},
  series	= {Panoramas et synthèses}
}

@Article{	  mellies2009a,
  author	= {Paul-Andr{\'{e}} Melli{\`{e}}s and Nicolas Tabareau},
  title		= {An Algebraic Account of References in Game Semantics},
  journal	= {Electronic Notes in Theoretical Computer Science},
  year		= {2009},
  volume	= {249},
  pages		= {377--405},
  month		= {aug},
  doi		= {10.1016/j.entcs.2009.07.099},
  publisher	= {Elsevier {BV}}
}

@Article{	  mellies2010,
  author	= {Melli{\`e}s, Paul-Andr{\'e} and Tabareau, Nicolas},
  title		= {Resource modalities in tensor logic},
  journal	= {Annals of Pure and Applied Logic},
  year		= {2010},
  volume	= {161},
  pages		= {632--653},
  number	= {5},
  note		= {The Third Workshop on Games for Logic and Programming
		  Languages (GaLoP), 5-6 April 2008},
  doi		= {10.1016/j.apal.2009.07.018},
  publisher	= {Elsevier}
}

@InCollection{	  miller2007,
  author	= {Miller, Dale and Saurin, Alexis},
  title		= {From Proofs to Focused Proofs: A Modular Proof of
		  Focalization in Linear Logic},
  booktitle	= {Computer Science Logic},
  publisher	= {Springer Berlin Heidelberg},
  year		= {2007},
  editor	= {Duparc, Jacques and Henzinger, ThomasA.},
  volume	= {4646},
  series	= {Lecture Notes in Computer Science},
  pages		= {405-419},
  doi		= {10.1007/978-3-540-74915-8_31}
}

@Article{	  milner1992,
  author	= {Milner,Robin},
  title		= {Functions as processes},
  journal	= {Mathematical Structures in Computer Science},
  year		= {1992},
  volume	= {2},
  pages		= {119--141},
  month		= {Jun},
  doi		= {10.1017/S0960129500001407},
  issue		= {02},
  numpages	= {23}
}

@Article{	  milner1997,
  author	= {Milner, Robin and Tofte, Mads and Harper, Robert and
		  Macqueen, David},
  title		= {The Definition of Standard ML-Revised},
  year		= {1997},
  publisher	= {The MIT Press}
}

@Book{		  minsky2013,
  title		= {Real World {OC}aml},
  publisher	= {O'Reilly Media},
  year		= {2013},
  author	= {Minsky, Yaron and Madhavapeddy, Anil and Hickey, Jason}
}

@Misc{		  mix2007,
  author	= {Neil Mix},
  title		= {Narrative {J}ava{S}cript},
  year		= {2007},
  url		= {http://www.neilmix.com/narrativejs}
}

@InProceedings{	  morris2016,
  author	= {Morris, J. Garrett},
  title		= {The Best of Both Worlds: Linear Functional Programming
		  Without Compromise},
  booktitle	= {Proceedings of the 21st ACM SIGPLAN International
		  Conference on Functional Programming},
  year		= {2016},
  series	= {ICFP 2016},
  pages		= {448--461},
  address	= {New York, NY, USA},
  doi		= {10.1145/2951913.2951925},
  location	= {Nara, Japan},
  numpages	= {14}
}

@InCollection{	  morrisett2005,
  author	= {Morrisett, Greg and Ahmed, Amal and Fluet, Matthew},
  title		= {L3: A Linear Language with Locations},
  booktitle	= {Typed Lambda Calculi and Applications},
  publisher	= {Springer Berlin Heidelberg},
  year		= {2005},
  editor	= {Urzyczyn, Paweł},
  volume	= {3461},
  series	= {Lecture Notes in Computer Science},
  pages		= {293-307},
  doi		= {10.1007/11417170\_22},
  language	= {English}
}

@Unpublished{	  muller2015,
  author	= {Stefan K. Muller and Umut A. Acar and William Duff and
		  Robert Harper},
  title		= {Interactive Computation in an Open World},
  month		= {July},
  year		= {2015},
  owner		= {jennifer},
  timestamp	= {2015.08.25}
}

@InCollection{	  munch-maccagnoni2009,
  author	= {Guillaume Munch-Maccagnoni},
  title		= {Focalisation and Classical Realisability (Version with
		  Appendices)},
  booktitle	= {18th EACSL Annual Conference on Computer Science Logic -
		  CSL 09},
  publisher	= {Springer-Verlag},
  year		= {2009},
  editor	= {Erich Gr¨adel and Reinhard Kahle},
  volume	= {5771},
  series	= {Lecture Notes in Computer Science},
  pages		= {409-423},
  month		= {Sept},
  doi		= {10.1007/978-3-642-04027-6\_30},
  language	= {English}
}

@PhDThesis{	  munchmaccagnoni2013,
  author	= {Munch-Maccagnoni, Guillaume},
  title		= {Syntax and Models of a non-Associative Composition of
		  Programs and Proofs},
  school	= {Universit{\'e} Paris-Diderot-Paris VII},
  year		= {2013}
}

@InProceedings{	  murphy2004,
  author	= {Murphy, Tom, VII and Crary, Karl and Harper, Robert and
		  Pfenning, Frank},
  title		= {A symmetric modal lambda calculus for distributed
		  computing},
  booktitle	= {Logic in Computer Science, 2004. Proceedings of the 19th
		  Annual IEEE Symposium on},
  year		= {2004},
  pages		= {286-295},
  month		= {July},
  doi		= {10.1109/LICS.2004.1319623}
}

@Book{		  nielsen2010,
  title		= {Quantum Computation and Quantum Information: 10th
		  Anniversary Edition},
  publisher	= {Cambridge University Press},
  year		= {2010},
  author	= {Nielsen, M.A. and Chuang, I.L.},
  isbn		= {9781139495486}
}

@Article{	  nigam2014,
  author	= {Nigam, Vivek and Reis, Giselle},
  title		= {Automated Generation of Focused Proof Systems},
  year		= {2014}
}

@InProceedings{	  nilsson2002,
  author	= {Nilsson, Henrik and Courtney, Antony and Peterson, John},
  title		= {Functional Reactive Programming, Continued},
  booktitle	= {Proceedings of the 2002 ACM SIGPLAN Workshop on Haskell},
  year		= {2002},
  series	= {Haskell '02},
  pages		= {51--64},
  address	= {New York, NY, USA},
  publisher	= {ACM},
  acmid		= {581695},
  doi		= {10.1145/581690.581695},
  location	= {Pittsburgh, Pennsylvania},
  numpages	= {14}
}

@InProceedings{	  noble1998,
  author	= {Noble, James and Vitek, Jan and Potter, John},
  title		= {Flexible alias protection},
  booktitle	= {ECOOP'98 --- Object-Oriented Programming: 12th European
		  Conference Brussels, Belgium, July 20--24, 1998
		  Proceedings},
  year		= {1998},
  editor	= {Jul, Eric},
  pages		= {158--185},
  address	= {Berlin, Heidelberg},
  publisher	= {Springer Berlin Heidelberg},
  doi		= {10.1007/BFb0054091}
}

@InBook{	  nocker1991,
  pages		= {202--219},
  title		= {Concurrent clean},
  publisher	= {Springer Berlin Heidelberg},
  year		= {1991},
  editor	= {Aarts, Emile H. L. and van Leeuwen, Jan and Rem, Martin},
  author	= {N{\"o}cker, E. G. J. M. H. and Smetsers, J. E. W. and van
		  Eekelen, M. C. J. D. and Plasmeijer, M. J.},
  address	= {Berlin, Heidelberg},
  booktitle	= {PARLE '91 Parallel Architectures and Languages Europe:
		  Volume II: Parallel Languages Eindhoven, The Netherlands,
		  June 10--13, 1991 Proceedings},
  doi		= {10.1007/3-540-54152-7_66}
}

@Misc{		  nodejs,
  title		= {Node.Js},
  howpublished	= {Software},
  url		= {nodejs.org}
}

@InProceedings{	  ong1996,
  author	= {Ong, C.-H.L.},
  title		= {A semantic view of classical proofs: type-theoretic,
		  categorical, and denotational characterizations},
  booktitle	= {Logic in Computer Science, 1996. LICS '96. Proceedings.,
		  Eleventh Annual IEEE Symposium on},
  year		= {1996},
  pages		= {230-241},
  month		= {Jul},
  doi		= {10.1109/LICS.1996.561323}
}

@InProceedings{	  ong1997,
  author	= {Ong, C-HL and Stewart, Charles A},
  title		= {A Curry-Howard foundation for functional computation with
		  control},
  booktitle	= {Proceedings of the 24th ACM SIGPLAN-SIGACT symposium on
		  Principles of programming languages},
  year		= {1997},
  pages		= {215--227},
  organization	= {ACM}
}

@InProceedings{	  orchard2016,
  author	= {Orchard, Dominic and Yoshida, Nobuko},
  title		= {Effects As Sessions, Sessions As Effects},
  booktitle	= {Proceedings of the 43rd Annual ACM SIGPLAN-SIGACT
		  Symposium on Principles of Programming Languages},
  year		= {2016},
  series	= {POPL '16},
  pages		= {568--581},
  address	= {New York, NY, USA},
  publisher	= {ACM},
  doi		= {10.1145/2837614.2837634},
  location	= {St. Petersburg, FL, USA},
  numpages	= {14}
}

@InCollection{	  otten1996,
  author	= {Otten, Jens and Kreitz, Christoph and Otten, Jens and
		  Kreitz, Christoph},
  title		= {A uniform proof procedure for classical and non-classical
		  logics},
  booktitle	= {KI-96: Advances in Artificial Intelligence},
  publisher	= {Springer},
  year		= {1996},
  editor	= {Görz, Günther and Hölldobler, Steffen},
  volume	= {1137},
  series	= {Lecture Notes in Computer Science},
  pages		= {307--319},
  doi		= {10.1007/3-540-61708-6_70},
  language	= {English}
}

@InBook{	  panangaden1997,
  chapter	= {The Essence of Concurrent ML},
  pages		= {5--29},
  title		= {ML with Concurrency: Design, Analysis, Implementation, and
		  Application},
  publisher	= {Springer New York},
  year		= {1997},
  editor	= {Nielson, Flemming},
  author	= {Panangaden, Prakash and Reppy, John},
  address	= {New York, NY},
  doi		= {10.1007/978-1-4612-2274-3\_2}
}

@InCollection{	  parigot1992,
  author	= {Parigot, Michel},
  title		= {$\lambda\mu$-Calculus: an algorithmic interpretation of
		  classical natural deduction},
  booktitle	= {Logic Programming and Automated Reasoning},
  publisher	= {Springer Berlin Heidelberg},
  year		= {1992},
  editor	= {Voronkov, Andrei},
  volume	= {624},
  series	= {Lecture Notes in Computer Science},
  pages		= {190--201},
  doi		= {10.1007/BFb0013061}
}

@TechReport{	  paykin2014,
  author	= {Jennifer Paykin and Steve Zdancewic},
  title		= {A Linear/Producer/Consumer model of Classical Linear
		  Logic},
  institution	= {University of Pennsylvania},
  year		= {2014},
  number	= {MS-CIS-14-03}
}

@InProceedings{	  paykin2015,
  author	= {Jennifer Paykin and Steve Zdancewic},
  title		= {A Linear/Producer/Consumer Model of Classical Linear
		  Logic},
  booktitle	= {Proceedings Third International Workshop on Linearity,
		  {LINEARITY} 2014, Vienna, Austria, 13th July, 2014.},
  year		= {2015},
  editor	= {Sandra Alves and Iliano Cervesato},
  volume	= {176},
  series	= {{EPTCS}},
  pages		= {9--23},
  doi		= {10.4204/EPTCS.176.2}
}

@Unpublished{	  paykin2015a,
  author	= {Jennifer Paykin and Steve Zdancewic and Neelakantan R
		  Krishnaswami},
  title		= {Linear Temporal Type Theory for Event-based Reactive
		  Programming},
  year		= {2015},
  owner		= {jennifer},
  timestamp	= {2015.08.03}
}

@Unpublished{	  paykin2016,
  author	= {Jennifer Paykin and Neelakantan R Krishnaswami and Steve
		  Zdancewic},
  title		= {The Essence of Event-Driven Programming},
  year		= {2016}
}

@InProceedings{	  paykin2016a,
  author	= {Paykin, Jennifer and Zdancewic, Steve},
  title		= {A List of Successes That Can Change the World: Essays
		  Dedicated to Philip Wadler on the Occasion of His 60th
		  Birthday},
  year		= {2016},
  editor	= {Lindley, Sam and McBride, Conor and Trinder, Phil and
		  Sannella, Don},
  pages		= {273--291},
  publisher	= {Springer International Publishing},
  chapter	= {Linear Lambda-Mu is {CP} (more or less)},
  doi		= {10.1007/978-3-319-30936-1_15}
}

@Article{	  paykin2016b,
  author	= {Paykin, Jennifer and Zdancewic, Steve},
  title		= {A linear/producer/consumer model of classical linear
		  logic},
  journal	= {Mathematical Structures in Computer Science},
  year		= {2016},
  pages		= {1–26},
  publisher	= {Cambridge University Press}
}

@InProceedings{	  paykin2017,
  author	= {Paykin, Jennifer and Rand, Robert and Zdancewic, Steve},
  title		= {QWIRE: A Core Language for Quantum Circuits},
  booktitle	= {Proceedings of the 44th ACM SIGPLAN Symposium on
		  Principles of Programming Languages},
  year		= {2017},
  series	= {POPL 2017},
  pages		= {846--858},
  address	= {New York, NY, USA},
  publisher	= {ACM},
  doi		= {10.1145/3009837.3009894},
  location	= {Paris, France},
  numpages	= {13}
}

@InProceedings{	  paykin2017a,
  author	= {Paykin, Jennifer and Zdancewic, Steve},
  title		= {The Linearity Monad},
  booktitle	= {Proceedings of the 10th ACM SIGPLAN International
		  Symposium on Haskell},
  year		= {2017},
  series	= {Haskell 2017},
  pages		= {117--132},
  address	= {New York, NY, USA},
  publisher	= {ACM},
  doi		= {10.1145/3122955.3122965},
  location	= {Oxford, UK},
  numpages	= {16}
}

@InBook{	  perconti2014,
  chapter	= {Verifying an Open Compiler Using Multi-language
		  Semantics},
  pages		= {128--148},
  title		= {Programming Languages and Systems: 23rd European Symposium
		  on Programming, ESOP 2014, Held as Part of the European
		  Joint Conferences on Theory and Practice of Software, ETAPS
		  2014, Grenoble, France, April 5-13, 2014, Proceedings},
  publisher	= {Springer Berlin Heidelberg},
  year		= {2014},
  editor	= {Shao, Zhong},
  author	= {Perconti, James T. and Ahmed, Amal},
  address	= {Berlin, Heidelberg},
  doi		= {10.1007/978-3-642-54833-8\_8}
}

@Article{	  perez2014,
  author	= {Jorge A. P{\'e}rez and Luís Caires and Frank Pfenning and
		  Bernardo Toninho},
  title		= {Linear logical relations and observational equivalences
		  for session-based concurrency },
  journal	= {Information and Computation },
  year		= {2014},
  volume	= {239},
  pages		= {254--302},
  doi		= {10.1016/j.ic.2014.08.001}
}

@InProceedings{	  pfenning1988,
  author	= {Pfenning, F. and Elliott, C.},
  title		= {Higher-order Abstract Syntax},
  booktitle	= {Proceedings of the ACM SIGPLAN 1988 Conference on
		  Programming Language Design and Implementation},
  year		= {1988},
  series	= {PLDI '88},
  pages		= {199--208},
  address	= {New York, NY, USA},
  publisher	= {ACM},
  acmid		= {54010},
  doi		= {10.1145/53990.54010},
  location	= {Atlanta, Georgia, USA},
  numpages	= {10}
}

@Article{	  pfenning2001,
  author	= {Pfenning, Frank and Davies, Rowan},
  title		= {A judgmental reconstruction of modal logic},
  journal	= {Mathematical structures in computer science},
  year		= {2001},
  volume	= {11},
  pages		= {511--540},
  number	= {04},
  month		= {8},
  doi		= {10.1017/S0960129501003322},
  issue		= {04},
  numpages	= {30},
  publisher	= {Cambridge Univ Press}
}

@InCollection{	  pfenning2015,
  author	= {Pfenning, Frank and Griffith, Dennis},
  title		= {Polarized Substructural Session Types},
  booktitle	= {Foundations of Software Science and Computation
		  Structures},
  publisher	= {Springer Berlin Heidelberg},
  year		= {2015},
  editor	= {Pitts, Andrew},
  volume	= {9034},
  series	= {Lecture Notes in Computer Science},
  pages		= {3--22},
  doi		= {10.1007/978-3-662-46678-0\_1},
  language	= {English}
}

@Book{		  pierce1991,
  title		= {Basic category theory for computer scientists},
  publisher	= {MIT press},
  year		= {1991},
  author	= {Pierce, Benjamin C}
}

@Book{		  pierce2016,
  title		= {Software Foundations},
  publisher	= {Electronic textbook},
  year		= {2016},
  author	= {Benjamin C. Pierce and Arthur Azevedo de Amorim and Chris
		  Casinghino and Marco Gaboardi and Michael Greenberg and
		  C\v{a}t\v{a}lin Hri\c{t}cu and Vilhelm Sj\"{o}berg and
		  Brent Yorgey},
  note		= {Version 4.0. \URL{http://www.cis.upenn.edu/~bcpierce/sf}},
  bcp		= {Yes},
  ebook		= {http://www.cis.upenn.edu/~bcpierce/sf},
  keys		= {poplmark,books},
  plclub	= {Yes}
}

@InCollection{	  pinto2009,
  author	= {Pinto, Lu{\'\i}s and Uustalu, Tarmo},
  title		= {Proof search and counter-model construction for
		  bi-intuitionistic propositional logic with labelled
		  sequents},
  booktitle	= {Automated Reasoning with Analytic Tableaux and Related
		  Methods},
  publisher	= {Springer},
  year		= {2009},
  pages		= {295--309}
}

@Book{		  pitts2013,
  title		= {Nominal Sets: Names and Symmetry in Computer Science},
  publisher	= {Cambridge University Press},
  year		= {2013},
  author	= {Pitts, A.M.},
  series	= {Cambridge Tracts in Theoretical Computer Science},
  isbn		= {9781107017788}
}

@InProceedings{	  ploeg2015,
  author	= {Ploeg, Atze van der and Claessen, Koen},
  title		= {Practical Principled {FRP}: Forget the Past, Change the
		  Future, {FRPN}ow!},
  booktitle	= {Proceedings of the 20th ACM SIGPLAN International
		  Conference on Functional Programming},
  year		= {2015},
  series	= {ICFP 2015},
  pages		= {302--314},
  address	= {New York, NY, USA},
  publisher	= {ACM},
  doi		= {10.1145/2784731.2784752},
  numpages	= {13}
}

@Article{	  plotkin1975,
  author	= {G.D. Plotkin},
  title		= {Call-by-name, call-by-value and the λ-calculus },
  journal	= {Theoretical Computer Science },
  year		= {1975},
  volume	= {1},
  pages		= {125 - 159},
  number	= {2},
  doi		= {http://dx.doi.org/10.1016/0304-3975(75)90017-1}
}

@InCollection{	  plotkin2002,
  author	= {Plotkin, Gordon and Power, John},
  title		= {Notions of Computation Determine Monads},
  booktitle	= {Foundations of Software Science and Computation
		  Structures},
  publisher	= {Springer Berlin Heidelberg},
  year		= {2002},
  editor	= {Nielsen, Mogens and Engberg, Uffe},
  volume	= {2303},
  series	= {Lecture Notes in Computer Science},
  pages		= {342-356},
  doi		= {10.1007/3-540-45931-6_24},
  language	= {English}
}

@InProceedings{	  pnueli1977,
  author	= {Pnueli, Amir},
  title		= {The temporal logic of programs},
  booktitle	= {Foundations of Computer Science, 1977., 18th Annual
		  Symposium on},
  year		= {1977},
  pages		= {46--57},
  organization	= {IEEE}
}

@InProceedings{	  polakow2015,
  author	= {Jeff Polakow},
  title		= {Embedding a full linear Lambda calculus in Haskell},
  booktitle	= {Proceedings of the 8th {ACM} {SIGPLAN} Symposium on
		  Haskell, Haskell 2015, Vancouver, BC, Canada, September
		  3-4, 2015},
  year		= {2015},
  pages		= {177--188},
  doi		= {10.1145/2804302.2804309}
}

@InProceedings{	  pottier2011,
  author	= {Pottier, Fran\c{c}ois},
  title		= {A Typed Store-passing Translation for General References},
  booktitle	= {Proceedings of the 38th Annual ACM SIGPLAN-SIGACT
		  Symposium on Principles of Programming Languages},
  year		= {2011},
  series	= {POPL '11},
  pages		= {147--158},
  address	= {New York, NY, USA},
  publisher	= {ACM},
  doi		= {10.1145/1926385.1926403},
  location	= {Austin, Texas, USA},
  numpages	= {12}
}

@Article{	  pottier2013,
  author	= {Fran{\c{c}}ois Pottier and Jonathan Protzenko},
  title		= {Programming with permissions in Mezzo},
  journal	= {{ACM} {SIGPLAN} Notices},
  year		= {2013},
  volume	= {48},
  pages		= {173--184},
  number	= {9},
  month		= {nov},
  doi		= {10.1145/2544174.2500598},
  publisher	= {Association for Computing Machinery ({ACM})}
}

@Article{	  pratt1994,
  author	= {Pratt, V.R.},
  title		= {Chu spaces: complementarity and uncertainty in rational
		  mechanics},
  journal	= {Course notes, TEMPUS summer school, Budapest},
  year		= {1994}
}

@InProceedings{	  pucella2008,
  author	= {Pucella, Riccardo and Tov, Jesse A.},
  title		= {Haskell Session Types with (Almost) No Class},
  booktitle	= {Proceedings of the First ACM SIGPLAN Symposium on
		  Haskell},
  year		= {2008},
  series	= {Haskell '08},
  pages		= {25--36},
  address	= {New York, NY, USA},
  publisher	= {ACM},
  acmid		= {1411290},
  doi		= {10.1145/1411286.1411290},
  isbn		= {978-1-60558-064-7},
  location	= {Victoria, BC, Canada},
  numpages	= {12}
}

@Misc{		  racket,
  title		= {Events ({R}acket Documentation)},
  howpublished	= {Website},
  url		= {https://docs.racket-lang.org/reference/sync.html}
}

@Misc{		  rand2017,
  author	= {Robert Rand and Jennifer Paykin and Steve Zdancewic},
  title		= {QWIRE Practice: Formal Verification of Quantum
		  Verification in Coq},
  year		= {2017},
  note		= {Quantum Physics and Logic (QPL), July 3--7, 2017,
		  Nijmegen, Amsterdam}
}

@Unpublished{	  reed2009,
  author	= {Reed, Jason},
  title		= {A judgmental deconstruction of modal logic},
  year		= {2009}
}

@PhDThesis{	  reed2009a,
  author	= {Reed, Jason},
  title		= {A Hybrid Logical Framework},
  school	= {Carnegie Mellon University},
  year		= {2009}
}

@Article{	  reed2010,
  author	= {Reed, Jason and Pierce, Benjamin C.},
  title		= {Distance Makes the Types Grow Stronger: A Calculus for
		  Differential Privacy},
  journal	= {SIGPLAN Notices},
  year		= {2010},
  volume	= {45},
  pages		= {157--168},
  number	= {9},
  month		= {\#sep\#},
  address	= {New York, NY, USA},
  doi		= {10.1145/1932681.1863568},
  issn		= {0362-1340},
  issue_date	= {September 2010},
  numpages	= {12},
  publisher	= {ACM}
}

@Article{	  renauxlogical,
  author	= {Renaux, Thierry and Hoste, Lode and De Meuter, Wolfgang},
  title		= {Logical Reactive Programming}
}

@Book{		  reppy2007,
  title		= {Concurrent Programming in ML},
  publisher	= {Cambridge University Press},
  year		= {1999},
  author	= {John H. Reppy},
  note		= {Cambridge Books Online},
  doi		= {10.1017/CBO9780511574962}
}

@Article{	  reppy2009,
  author	= {Reppy, John and Russo, Claudio V. and Xiao, Yingqi},
  title		= {Parallel Concurrent ML},
  journal	= {SIGPLAN Not.},
  year		= {2009},
  volume	= {44},
  pages		= {257--268},
  number	= {9},
  month		= {August},
  address	= {New York, NY, USA},
  doi		= {10.1145/1631687.1596588},
  issue_date	= {September 2009},
  numpages	= {12},
  publisher	= {ACM}
}

@InProceedings{	  reynolds2002,
  author	= {J. C. Reynolds},
  title		= {Separation logic: a logic for shared mutable data
		  structures},
  booktitle	= {Proceedings 17th Annual IEEE Symposium on Logic in
		  Computer Science},
  year		= {2002},
  pages		= {55-74},
  doi		= {10.1109/LICS.2002.1029817}
}

@PhDThesis{	  ross2015,
  author	= {Neil J. Ross},
  title		= {Algebraic and Logical Methods in Quantum Computation},
  school	= {Dalhousie University},
  year		= {2015}
}

@InBook{	  rossberg2006,
  pages		= {79--96},
  title		= {Alice Through the Looking Glass},
  publisher	= {Intellect Books, Bristol, UK, ISBN 1-84150144-1},
  year		= {2006},
  author	= {Andreas Rossberg and Didier Le Botlan and Guido Tack and
		  Thorsten Brunklaus and Gert Smolka},
  volume	= {5},
  series	= {Trends in Functional Programming},
  address	= {Munich, Germany},
  month		= {\#feb\#},
  booktitle	= {{Trends in Functional Programming, Volume 5}}
}

@Article{	  sabry1993,
  author	= {Sabry, Amr and Felleisen, Matthias},
  title		= {Reasoning about programs in continuation-passing style},
  journal	= {LISP and Symbolic Computation},
  year		= {1993},
  volume	= {6},
  pages		= {289--360},
  number	= {3--4},
  doi		= {10.1007/BF01019462},
  language	= {English},
  publisher	= {Kluwer Academic Publishers}
}

@Misc{		  samek2003,
  author	= {Miro Samek},
  title		= {Who moved my state?},
  month		= {April},
  year		= {2003},
  url		= {http://www.drdobbs.com/who-moved-my-state/184401643}
}

@Misc{		  scala-async,
  title		= {scala-async},
  howpublished	= {GitHub repository},
  url		= {github.com/scala/async}
}

@TechReport{	  schalk2004,
  author	= {Andrea Schalk},
  title		= {Whats is a categorical model of linear logic},
  institution	= {University of Manchester},
  year		= {2004}
}

@Article{	  schmidt1985,
  author	= {David A. Schmidt},
  title		= {Detecting global variables in denotational
		  specifications},
  journal	= {{ACM} Transactions on Programming Languages and Systems},
  year		= {1985},
  volume	= {7},
  pages		= {299--310},
  number	= {2},
  month		= {apr},
  doi		= {10.1145/3318.3323},
  publisher	= {Association for Computing Machinery ({ACM})}
}

@Article{	  schreiber2013,
  author	= {Schreiber, Urs},
  title		= {{Differential cohomology in a cohesive infinity-topos}},
  year		= {2013},
  archiveprefix	= {arXiv},
  eprint	= {1310.7930},
  primaryclass	= {math-ph}
}

@MastersThesis{	  schwinghammer2002,
  author	= {Jan Schwinghammer},
  title		= {A Concurrent Lambda-Calculus with Promises and Futures},
  school	= {Programming Systems Lab, Universit{\"a}t des Saarlandes},
  year		= {2002},
  month		= {\#feb\#},
  label		= {Schwinghammer-Diplom},
  sline		= {389}
}

@Book{		  seely1989,
  title		= {Linear logic, *-autonomous categories and cofree
		  coalgebras},
  publisher	= {American Mathematical Society ({AMS})},
  year		= {1989},
  author	= {R. A. G. Seely},
  pages		= {371--382},
  doi		= {10.1090/conm/092/1003210}
}

@Article{	  selinger2001,
  author	= {Selinger, Peter},
  title		= {Control categories and duality: on the categorical
		  semantics of the lambda-mu calculus},
  journal	= {Mathematical Structures in Computer Science},
  year		= {2001},
  volume	= {11},
  pages		= {207--260},
  month		= {4},
  issue		= {02},
  numpages	= {54},
  url		= {http://journals.cambridge.org/article\_S096012950000311X}
}

@Article{	  selinger2004,
  author	= {Selinger, Peter},
  title		= {Towards a quantum programming language},
  journal	= {Mathematical Structures in Computer Science},
  year		= {2004},
  volume	= {14},
  pages		= {527–586},
  number	= {4},
  doi		= {10.1017/S0960129504004256},
  publisher	= {Cambridge University Press}
}

@InBook{	  selinger2009,
  pages		= {135–172},
  title		= {Quantum Lambda Calculus},
  publisher	= {Cambridge University Press},
  year		= {2009},
  author	= {Selinger, Peter and Valiron, Benoît},
  month		= {Nov},
  booktitle	= {Semantic Techniques in Quantum Computation:},
  doi		= {10.1017/CBO9781139193313.005},
  place		= {Cambridge}
}

@Misc{		  shan2003,
  author	= {Shan, Chung-chieh},
  title		= {From shift and reset to polarized linear logic},
  year		= {2003},
  publisher	= {Citeseer}
}

@InProceedings{	  sheard2002,
  author	= {Sheard, Tim and Jones, Simon Peyton},
  title		= {Template Meta-programming for Haskell},
  booktitle	= {Proceedings of the 2002 ACM SIGPLAN Workshop on Haskell},
  year		= {2002},
  series	= {Haskell '02},
  pages		= {1--16},
  address	= {New York, NY, USA},
  publisher	= {ACM},
  doi		= {10.1145/581690.581691}
}

@Article{	  shulman2015,
  author	= {Michael Shulman},
  title		= {{Brouwer's fixed-point theorem in real-cohesive homotopy
		  type theory}},
  journal	= {ArXiv e-prints},
  year		= {2015},
  archiveprefix	= {arXiv},
  eprint	= {1509.07584},
  primaryclass	= {math.CT}
}

@Book{		  slonneger1995,
  title		= {Formal syntax and semantics of programming languages},
  publisher	= {Addison-Wesley Reading},
  year		= {1995},
  author	= {Slonneger, Kenneth and Kurtz, Barry L},
  volume	= {340},
  url		= {http://homepage.cs.uiowa.edu/~slonnegr/plf/Book/}
}

@InBook{	  smetsers1994,
  pages		= {358--379},
  title		= {Guaranteeing safe destructive updates through a type
		  system with uniqueness information for graphs},
  publisher	= {Springer Berlin Heidelberg},
  year		= {1994},
  editor	= {Schneider, Hans J{\"u}rgen and Ehrig, Hartmut},
  author	= {Smetsers, Sjaak and Barendsen, Erik and van Eekelen, Marko
		  and Plasmeijer, Rinus},
  address	= {Berlin, Heidelberg},
  booktitle	= {Graph Transformations in Computer Science: International
		  Workshop Dagstuhl Castle, Germany, January 4--8, 1993
		  Proceedings},
  doi		= {10.1007/3-540-57787-4_23}
}

@Article{	  spiwack2014,
  author	= {Spiwack, Arnaud},
  title		= {A Dissection of {L}},
  year		= {2014}
}

@Book{		  stanley2011,
  title		= {Enumerative combinatorics},
  publisher	= {Cambridge university press},
  year		= {2011},
  author	= {Stanley, Richard P},
  volume	= {49}
}

@InProceedings{	  staton2015,
  author	= {Staton, Sam},
  title		= {Algebraic Effects, Linearity, and Quantum Programming
		  Languages},
  booktitle	= {Proceedings of the 42Nd Annual ACM SIGPLAN-SIGACT
		  Symposium on Principles of Programming Languages},
  year		= {2015},
  series	= {POPL '15},
  pages		= {395--406},
  address	= {New York, NY, USA},
  publisher	= {ACM},
  doi		= {10.1145/2676726.2676999},
  location	= {Mumbai, India},
  numpages	= {12}
}

@Book{		  stefanov2010,
  title		= {JavaScript Patterns},
  publisher	= {O'Reilly Media},
  year		= {2010},
  author	= {Stefanov, S.}
}

@InProceedings{	  stump2014,
  author	= {Stump, Aaron},
  title		= {The recursive polarized dual calculus},
  booktitle	= {Proceedings of the ACM SIGPLAN 2014 Workshop on
		  Programming Languages meets Program Verification},
  year		= {2014},
  pages		= {3--14},
  organization	= {ACM}
}

@Article{	  thielecke2003,
  author	= {Thielecke, Hayo},
  title		= {From Control Effects to Typed Continuation Passing},
  journal	= {{SIGPLAN} {N}ot.},
  year		= {2003},
  volume	= {38},
  pages		= {139--149},
  number	= {1},
  month		= {\#jan\#},
  address	= {New York, NY, USA},
  doi		= {10.1145/640128.604144},
  issue_date	= {January 2003},
  numpages	= {11},
  publisher	= {ACM}
}

@Article{	  tilkov2010,
  author	= {S. Tilkov and S. Vinoski},
  title		= {Node.js: Using JavaScript to Build High-Performance
		  Network Programs},
  journal	= {IEEE Internet Computing},
  year		= {2010},
  volume	= {14},
  pages		= {80-83},
  number	= {6},
  month		= {Nov},
  doi		= {10.1109/MIC.2010.145}
}

@Article{	  turon2012,
  author	= {Turon, Aaron},
  title		= {Reagents: Expressing and Composing Fine-grained
		  Concurrency},
  journal	= {SIGPLAN Not.},
  year		= {2012},
  volume	= {47},
  pages		= {157--168},
  number	= {6},
  month		= {\#jun\#},
  acmid		= {2254084},
  address	= {New York, NY, USA},
  doi		= {10.1145/2345156.2254084},
  issue_date	= {June 2012},
  numpages	= {12},
  publisher	= {ACM}
}

@InCollection{	  urban1999,
  author	= {Urban, C. and Bierman, G.M.},
  title		= {Strong Normalisation of Cut-Elimination in Classical
		  Logic},
  booktitle	= {Typed Lambda Calculi and Applications},
  publisher	= {Springer Berlin Heidelberg},
  year		= {1999},
  editor	= {Girard, Jean-Yves},
  volume	= {1581},
  series	= {Lecture Notes in Computer Science},
  pages		= {365-380},
  doi		= {10.1007/3-540-48959-2_26},
  language	= {English}
}

@Article{	  urbas1996,
  author	= {Urbas, Igor},
  title		= {Dual-Intuitionistic Logic},
  journal	= {Notre Dame J. Formal Logic},
  year		= {1996},
  volume	= {37},
  pages		= {440--451},
  number	= {3},
  month		= {07},
  doi		= {10.1305/ndjfl/1039886520},
  fjournal	= {Notre Dame Journal of Formal Logic},
  publisher	= {Duke University Press}
}

@Article{	  vakar2014,
  author	= {V{\'a}k{\'a}r, Matthijs},
  title		= {Syntax and semantics of linear dependent types},
  journal	= {arXiv preprint arXiv:1405.0033},
  year		= {2014}
}

@InCollection{	  valiron2014,
  author	= {Valiron, Benoît and Zdancewic, Steve},
  title		= {Finite Vector Spaces as Model of Simply-Typed
		  Lambda-Calculi},
  booktitle	= {Theoretical Aspects of Computing – ICTAC 2014},
  publisher	= {Springer International Publishing},
  year		= {2014},
  editor	= {Ciobanu, Gabriel and Méry, Dominique},
  volume	= {8687},
  series	= {Lecture Notes in Computer Science},
  pages		= {442-459},
  doi		= {10.1007/978-3-319-10882-7_26},
  language	= {English}
}

@Article{	  valiron2014a,
  author	= {Valiron, Benoît and Zdancewic, Steve},
  title		= {Modeling Simply-Typed Lambda Calculi in the Category of
		  Finite Vector Spaces},
  journal	= {Scientific Annals of Computer Science},
  year		= {2014},
  volume	= {24},
  pages		= {325--368},
  number	= {2},
  doi		= {10.7561/SACS.2014.2.325},
  publisher	= {``A.I. Cuza'' University Press, Ia\c si}
}

@InProceedings{	  vizzotto2009,
  author	= {Vizzotto, Juliana Kaizer and Du Bois, Andr{\'e} Rauber and
		  Sabry, Amr},
  title		= {The Arrow Calculus as a Quantum Programming Language},
  booktitle	= {Proccedings of Logic, Language, Information and
		  Computation: 16th International Workshop, WoLLIC 2009},
  year		= {2009},
  editor	= {Ono, Hiroakira and Kanazawa, Makoto and de Queiroz, Ruy},
  pages		= {379--393},
  month		= {June},
  publisher	= {Springer Berlin Heidelberg},
  doi		= {10.1007/978-3-642-02261-6_30},
  location	= {Tokyo, Japan}
}

@InProceedings{	  vizzotto2009a,
  author	= {Vizzotto, Juliana Kaizer and Librelotto, Giovani Rubert
		  and Sabry, Amr},
  title		= {Reasoning about General Quantum Programs over Mixed
		  States},
  booktitle	= {Formal Methods: Foundations and Applications: 12th
		  Brazilian Symposium on Formal Methods, SBMF 2009 Gramado,
		  Brazil, August 19-21, 2009 Revised Selected Papers},
  year		= {2009},
  editor	= {Oliveira, Marcel Vin{\'i}cius Medeiros and Woodcock, Jim},
  pages		= {321--335},
  address	= {Berlin, Heidelberg},
  publisher	= {Springer Berlin Heidelberg},
  doi		= {10.1007/978-3-642-10452-7_22},
  isbn		= {978-3-642-10452-7},
  url		= {http://dx.doi.org/10.1007/978-3-642-10452-7_22}
}

@InProceedings{	  vouillon2008,
  author	= {Vouillon, J{\'e}r\^{o}me},
  title		= {Lwt: A Cooperative Thread Library},
  booktitle	= {Proceedings of the 2008 ACM SIGPLAN Workshop on ML},
  year		= {2008},
  series	= {ML '08},
  pages		= {3--12},
  address	= {New York, NY, USA},
  publisher	= {ACM},
  doi		= {10.1145/1411304.1411307},
  location	= {Victoria, BC, Canada},
  numpages	= {10}
}

@InCollection{	  vullinghs1995,
  author	= {Vullinghs, Ton and Tuijnman, Daniel and Schulte, Wolfram},
  title		= {Lightweight GUIs for functional programming},
  booktitle	= {Programming Languages: Implementations, Logics and
		  Programs},
  publisher	= {Springer Berlin Heidelberg},
  year		= {1995},
  editor	= {Hermenegildo, Manuel and Swierstra, S.Doaitse},
  volume	= {982},
  series	= {Lecture Notes in Computer Science},
  pages		= {341-356},
  doi		= {10.1007/BFb0026829},
  language	= {English}
}

@InProceedings{	  wadler1990,
  author	= {Wadler, Philip},
  title		= {{Linear types can change the world!}},
  booktitle	= {IFIP TC 2 Working Conference on Programming Concepts and
		  Methods, Sea of Galilee, Israel},
  year		= {1990},
  publisher	= {North Holland}
}

@InProceedings{	  wadler1992,
  author	= {Wadler, Philip},
  title		= {There's no substitute for linear logic},
  booktitle	= {8th International Workshop on the Mathematical Foundations
		  of Programming Semantics},
  year		= {1992},
  location	= {Oxford, UK}
}

@InBook{	  wadler1994,
  pages		= {513--529},
  title		= {A syntax for linear logic},
  publisher	= {Springer Berlin Heidelberg},
  year		= {1994},
  editor	= {Brookes, Stephen and Main, Michael and Melton, Austin and
		  Mislove, Michael and Schmidt, David},
  author	= {Wadler, Philip},
  address	= {Berlin, Heidelberg},
  booktitle	= {Mathematical Foundations of Programming Semantics: 9th
		  International Conference New Orleans, LA, USA, April 7--10,
		  1993 Proceedings},
  doi		= {10.1007/3-540-58027-1\_24}
}

@InProceedings{	  wadler2003,
  author	= {Wadler, Philip},
  title		= {Call-by-value is Dual to Call-by-name},
  booktitle	= {Proceedings of the Eighth ACM SIGPLAN International
		  Conference on Functional Programming},
  year		= {2003},
  series	= {ICFP '03},
  pages		= {189--201},
  address	= {New York, NY, USA},
  publisher	= {ACM},
  doi		= {10.1145/944705.944723},
  location	= {Uppsala, Sweden},
  numpages	= {13}
}

@InCollection{	  wadler2005,
  author	= {Wadler, Philip},
  title		= {Call-by-Value Is Dual to Call-by-Name – Reloaded},
  booktitle	= {Term Rewriting and Applications},
  publisher	= {Springer Berlin Heidelberg},
  year		= {2005},
  editor	= {Giesl, J{\:u}rgen},
  volume	= {3467},
  series	= {Lecture Notes in Computer Science},
  pages		= {185-203},
  doi		= {10.1007/978-3-540-32033-3\_15},
  language	= {English}
}

@Article{	  wadler2012,
  author	= {Wadler, Philip},
  title		= {Propositions As Sessions},
  journal	= {SIGPLAN Not.},
  year		= {2012},
  volume	= {47},
  pages		= {273--286},
  number	= {9},
  month		= {Sept},
  address	= {New York, NY, USA},
  doi		= {10.1145/2398856.2364568},
  issue_date	= {September 2012},
  numpages	= {14},
  publisher	= {ACM}
}

@Article{	  wadler2014,
  author	= {Wadler, Philip},
  title		= {Propositions as sessions},
  journal	= {Journal of Functional Programming},
  year		= {2014},
  volume	= {24},
  pages		= {384--418},
  doi		= {10.1017/S095679681400001X},
  issn		= {1469-7653},
  issue		= {Special Issue 2-3},
  numpages	= {35}
}

@InCollection{	  wan2002,
  author	= {Wan, Zhanyong and Taha, Walid and Hudak, Paul},
  title		= {Event-Driven {FRP}},
  booktitle	= {Practical Aspects of Declarative Languages},
  publisher	= {Springer Berlin Heidelberg},
  year		= {2002},
  editor	= {Krishnamurthi, Shriram and Ramakrishnan, C.R.},
  volume	= {2257},
  series	= {Lecture Notes in Computer Science},
  pages		= {155-172},
  doi		= {10.1007/3-540-45587-6\_11},
  language	= {English}
}

@Article{	  wecker2014,
  author	= {Wecker, Dave and Svore, Krysta M},
  title		= {{LIQUi|>}: A software design architecture and
		  domain-specific language for quantum computing},
  journal	= {arXiv:1402.4467 [quant-ph]},
  year		= {2014}
}

@Misc{		  wellen2017,
  author	= {Felix Wellen},
  title		= {Formalizing Higher Cartan Geometry in Modal Homotopy Type
		  Theory},
  howpublished	= {PhD Thesis (in preparation)},
  year		= {2017}
}

@Article{	  ying2012,
  author	= {Ying, Mingsheng and Yu, Nengkun and Feng, Yuan},
  title		= {Defining quantum control flow},
  year		= {2012},
  eprint	= {1209.4379},
  eprintclass	= {quant-ph},
  eprinttype	= {ar{X}iv}
}

@Article{	  ying2012a,
  author	= {Ying, Mingsheng},
  title		= {Floyd--hoare Logic for Quantum Programs},
  journal	= {ACM Trans. Program. Lang. Syst.},
  year		= {2012},
  volume	= {33},
  pages		= {19:1--19:49},
  number	= {6},
  month		= {\#jan\#},
  address	= {New York, NY, USA},
  articleno	= {19},
  doi		= {10.1145/2049706.2049708},
  issue_date	= {December 2011},
  numpages	= {49},
  publisher	= {ACM}
}

@Article{	  ying2014,
  author	= {Mingsheng Ying and Nengkun Yu and Yuan Feng},
  title		= {Alternation in Quantum Programming: From Superposition of
		  Data to Superposition of Programs},
  year		= {2014},
  archiveprefix	= {arXiv},
  eprint	= {1402.5172},
  primaryclass	= {cs.{PL} }
}

@Article{	  ying2014a,
  author	= {{Ying}, Mingsheng},
  title		= {Quantum Recursion and Second Quantisation},
  year		= {2014},
  month		= {\#may\#},
  archiveprefix	= {arXiv},
  eprint	= {1405.4443},
  primaryclass	= {quant-ph}
}

@InProceedings{	  yorgey2010,
  author	= {Yorgey, Brent A.},
  title		= {Species and Functors and Types, Oh My!},
  booktitle	= {Proceedings of the Third ACM Haskell Symposium on
		  Haskell},
  year		= {2010},
  series	= {Haskell '10},
  pages		= {147--158},
  address	= {New York, NY, USA},
  publisher	= {ACM},
  doi		= {10.1145/1863523.1863542},
  location	= {Baltimore, Maryland, USA},
  numpages	= {12}
}

@InBook{	  yoshimizu2014,
  chapter	= {Measurements in Proof Nets as Higher-Order Quantum
		  Circuits},
  pages		= {371--391},
  title		= {Programming Languages and Systems: 23rd European Symposium
		  on Programming},
  publisher	= {Springer Berlin Heidelberg},
  year		= {2014},
  editor	= {Shao, Zhong},
  author	= {Yoshimizu, Akira and Hasuo, Ichiro and Faggian, Claudia
		  and Lago, Ugo},
  address	= {Berlin, Heidelberg},
  doi		= {10.1007/978-3-642-54833-8\_20}
}

@Article{	  zdancewic2002,
  author	= {Zdancewic, Steve and Myers, Andrew C},
  title		= {Secure information flow via linear continuations},
  journal	= {Higher-Order and Symbolic Computation},
  year		= {2002},
  volume	= {15},
  pages		= {209--234},
  number	= {2-3},
  publisher	= {Springer}
}

@Article{	  zeilberger2008,
  author	= {Noam Zeilberger},
  title		= {On the unity of duality },
  journal	= {Annals of Pure and Applied Logic },
  year		= {2008},
  volume	= {153},
  pages		= {66 - 96},
  number	= {1–3},
  note		= {Special Issue: Classical Logic and Computation (2006) },
  doi		= {10.1016/j.apal.2008.01.001},
  keywords	= {Polarity}
}

@PhDThesis{	  zeilberger2009,
  author	= {Zeilberger, Noam},
  title		= {The Logical Basis of Evaluation Order and
		  Pattern-Matching},
  school	= {Universit{\'e} Paris},
  year		= {2009}
}
